% TODO Use crossref for all inproceedings

@incollection {BEZIVIN98ONTO,
	author = {Jean B{\'e}zivin and Richard Lemesle},
	title = {{Ontology-based Layered Semantics for Precise OA\&D Modeling}},
	booktitle = {Object-Oriented Technologys},
	series = {Lecture Notes in Computer Science},
	editor = {Jan Bosch and Stuart Mitchell},
	publisher = {Springer Berlin / Heidelberg},
	pages = {287-292},
	volume = {1357},
	url = {http://dx.doi.org/10.1007/3-540-69687-3_32},
	doi = {10.1007/3-540-69687-3_32},
	year = {1998}
}

@incollection {CHANDRA02OBJECT,
	author = {Chandra Sekharaiah, K. and Janaki Ram, D.},
	affiliation = {Indian Institute of Technology Distributed Object Systems Lab, Dept. of Computer Science \& Engg. Madras India},
	title = {{Object Schizophrenia Problem in Object Role System Design}},
	booktitle = {Object-Oriented Information Systems},
	series = {Lecture Notes in Computer Science},
	editor = {Bellahsène, Zohra and Patel, Dilip and Rolland, Colette},
	publisher = {Springer Berlin / Heidelberg},
	pages = {1-8},
	volume = {2425},
	url = {http://dx.doi.org/10.1007/3-540-46102-7_52},
	year = {2002}
}

@incollection{CALVANES98DESC,
   author = {Diego Calvanese and Maurizio Lenzerini and Daniele Nardi},
   editor = {Jan Chomicki and Günter Saake},
   title = {{Description Logics for Conceptual Data Modeling}},
   year = {1998},
   booktitle = {Logics for Databases and Information Systems},
   pages = {229-263},
   publisher = {Kluwer Academic Publisher},
}

% in proceedings %%%%%%%%%%%%%%%%%%%%%%%%%%%%%%%%%%%%%%%%%%%%%%%%%%%%%%%%%%%%%%%%%%%%%%%%%%%%%%%%%%
@article{LAMBERS05GTXL,
	author = {Leen Lambers},
	title = {{A New Version of GTXL : An Exchange Format for Graph Transformation Systems}},
	journal = {{Electronic Notes in Theoretical Computer Science}},
	volume = {{127}},
	number = {1},
	pages = {51-63},
	year = {2005},
	note = {Proceedings of the International Workshop on Graph-Based Tools (GraBaTs 2004)},
	issn = {1571-0661},
	doi = {DOI: 10.1016/j.entcs.2004.12.030},
}

@inproceedings{VISSER02CONCRETE,
	author    = {Eelco Visser},
	title     = {{Meta-Programming with Concrete Object Syntax}},
	pages     = {299--315},
	crossref  = {GPCE2002}
}

@inproceedings{RTS4ISC_SC_09,
	author = {Jendrik Johannes and Roland Samlaus and Mirko Seifert},
	title  = {{Round-trip Support for Invasive Software Composition Systems}},
	booktitle = {International Conference on Software Composition 2009, SC 2009, 2 - 3 July 2009, Zurich, Switzerland},
	year = {2009},
}

@inproceedings{TAMAI05EPSILONJ,
	author    = {Tetsuo Tamai and Naoyasu Ubayashi and Ryoichi Ichiyama},
	title     = {An adaptive object model with dynamic role binding},
	booktitle = {ICSE},
	year      = {2005},
	pages     = {166-175},
	ee        = {http://doi.acm.org/10.1145/1062455.1062498},
	crossref  = {ICSE2005},
}

@inproceedings{GRAVERSEN04ROLE,
    author = {Kasper B. Graversen},
    title = {Role collaborations},
    booktitle = {In Workshop on Software-Engineering Properties of Languages for Aspect Technologies (SPLAT) at AOSD’04},
    year = {2004}
}

@inproceedings{JORGENSEN04LASAGNEJ,
	author = {J{\o}rgensen, Bo N{\o}rregaard},
	title = {{Language Support for Incremental Integration of Independently Developed Components in Java}},
	booktitle = {SAC '04: Proceedings of the 2004 ACM symposium on Applied computing},
	year = {2004},
	isbn = {1-58113-812-1},
	pages = {1316--1322},
	location = {Nicosia, Cyprus},
	doi = {http://doi.acm.org/10.1145/967900.968166},
	publisher = {ACM},
	address = {New York, NY, USA},
}

@inproceedings{UNGAR87SELF,
	author    = {David Ungar and Randall B. Smith},
	title     = {{Self: The Power of Simplicity}},
	booktitle = {OOPSLA},
	year      = {1987},
	pages     = {227-242},
	crossref  = {OOPSLA87},
}

@inproceedings{HEIN09MODELBUS,
	author    = {Christian Hein and Tom Ritter and Michael Wagner},
    title     = {{Model-Driven Tool Integration with ModelBus}},
    booktitle = {Workshop Future Trends of Model-Driven Development},
    year = {2009}
}

@inproceedings{STARON06ADOPT,
	author    = {Miroslaw Staron},
	title     = {{Adopting Model Driven Software Development in Industry - A Case Study at Two Companies}},
	booktitle = {MoDELS},
  	year      = {2006},
  	pages     = {57-72},
  	ee        = {http://dx.doi.org/10.1007/11880240_5},
  	crossref  = {MODELS2006},
}

@inproceedings{SEIFERT10MDI,
	author = {Mirko Seifert and Christian Wende and Uwe A{\ss}mann},
	title = {{Anticipating Unanticipated Tool Interoperability using Role Models}},
	year = {2010},
	isbn = {978-1-4503-0292-0},
	pages = {52--60},
	location = {Oslo, Norway},
	doi = {http://doi.acm.org/10.1145/1866272.1866280},
	crossref = {MDI2010},
}

@inproceedings{LARA10GENERICMETA,
  author    = {Juan de Lara and Esther Guerra},
  title     = {{Generic Meta-modelling with Concepts, Templates and Mixin Layers}},
  booktitle = {MoDELS (1)},
  year      = {2010},
  pages     = {16-30},
  ee        = {http://dx.doi.org/10.1007/978-3-642-16145-2_2},
  crossref  = {MODELS2010-1},
}

@inproceedings{JOHANNES10CONCERN,
  author    = {Jendrik Johannes and Uwe A{\ss}mann},
  title     = {{Concern-Based (de)composition of Model-Driven Software Development Processes}},
  booktitle = {MoDELS (2)},
  year      = {2010},
  pages     = {47-62},
  ee        = {http://dx.doi.org/10.1007/978-3-642-16129-2_5},
  crossref  = {MODELS2010-2},
}

@inproceedings{SEIFERT09TEXTUALTGG,
	author    = {Mirko Seifert and Christian Werner},
	title     = {{Specification of Triple Graph Grammar Rules using Textual Concrete Syntax}},
	year      = {2009},
	crossref  = {FUJABADAYS2009},
}

@inproceedings{BAUMER97ROP,
    author = {Dirk Bäumer and Dirk Riehle and W. Siberski and Martina Wulf},
    title = {{The Role Object Pattern}},
    booktitle = {Proceedings of the 4th Pattern Languages of Programming Conference (PLoP'97), Washington University Dept. of Computer Science, Tech. Report (wucs-97-34)},
    year = {1997}
}

@inproceedings{WINKELMANN08,
  author = {Jessica Winkelmann and Gabriele Taentzer and Karsten Ehrig and Jochen M. Küster},
  title = {{Translation of Restricted OCL Constraints into Graph Constraints for Generating Meta Model Instances by Graph Grammars}},
  pages = {159--170},
  crossref = {GTVMT2006},
}

@inproceedings{EHRIG04,
  author    = {Hartmut Ehrig and Karsten Ehrig and Annegret Habel and Karl-Heinz Pennemann},
  title     = {{Constraints and Application Conditions: From Graphs to High-Level Structures}},
  booktitle = {ICGT},
  year      = {2004},
  pages     = {287-303},
  ee        = {http://springerlink.metapress.com/openurl.asp?genre=article{\&}issn=0302-9743{\&}volume=3256{\&}spage=287},
  crossref  = {ICGT2004},
}

@inproceedings{WALTER09ONTODSL,
  author    = {Tobias Walter and Fernando Silva Parreiras and Steffen Staab},
  title     = {{OntoDSL: An Ontology-Based Framework for Domain-Specific Languages}},
  booktitle = {MoDELS},
  year      = {2009},
  pages     = {408-422},
  ee        = {http://dx.doi.org/10.1007/978-3-642-04425-0_32},
  crossref  = {MODELS2009},
}

@inproceedings{RIECKHOF10OBMS,
	author    = {Federico Rieckhof and Mirko Seifert and Uwe Aßmann},
	title     = {{Ontology-based Model Synchronisation}},
	year      = {2010},
	crossref  = {TWOMDE2010},
}

@inproceedings{EASTERBROOK03,
	author = {Steve Easterbrook},
	title  = {{Model Management and Inconsistency in Software Design}},
	booktitle = {NSF Workshop on the Science of Design. November 2-4, 2003, Airlie Center, Virginia, USA},
	year = {2003}
}

@inproceedings{SPANOUDAKIS01INC,
	author = {George Spanoudakis and Andrea Zisman},
    title = {{Inconsistency Management in Software Engineering: Survey and Open Research Issues}},
    booktitle = {Handbook of Software Engineering and Knowledge Engineering},
    year = {2001},
    pages = {329--380},
    publisher = {World Scientific}
}

@inproceedings{PILGRIM07MEASURING,
	author    = {Jens von Pilgrim},
	title     = {{Measuring the Level of Abstraction and Detail of Models in the Context of MDD}},
	booktitle = {MoDELS Workshops},
	year      = {2007},
	pages     = {105-114},
	ee        = {http://dx.doi.org/10.1007/978-3-540-69073-3_12},
	crossref  = {MODELS2007w},
}

@inproceedings{STEIMANN04UMLA,
	author    = {Friedrich Steimann},
	title     = {{UML-A oder warum die Wissenschaft ihre eigene einheitliche Modellierungssprache haben sollte}},
	booktitle = {Modellierung},
	year      = {2004},
	pages     = {121-133},
	crossref  = {MODELLIERUNG2004},
}

@inproceedings{SAITTA07ABS,
	author = {Lorenza Saitta and Jean-Daniel Zucker},
	title = {{Abstraction and Complexity Measures}},
	booktitle = {SARA'07: Proceedings of the 7th International conference on Abstraction, reformulation, and approximation},
	year = {2007},
	isbn = {978-3-540-73579-3},
	pages = {375--390},
	location = {Whistler, Canada},
	publisher = {Springer-Verlag},
	address = {Berlin, Heidelberg},
}

@inproceedings{BEZIVIN05MSDSL,
    author = {Jean B{\'e}zivin and Guillaume Hillairet and Fr{\'e}d{\'e}ric Jouault and Ivan Kurtev and William Piers},
    title = {{Bridging the MS/DSL Tools and the Eclipse Modeling Framework}},
    booktitle = {In: Proceedings of the International Workshop on Software Factories at OOPSLA 2005},
    year = {2005}
}

@inproceedings{Bruneliere10OSLO,
  author    = {Hugo Bruneliere and Jordi Cabot and Cau{\^e} Clasen and Fr{\'e}d{\'e}ric Jouault and Jean B{\'e}zivin},
  title     = {{Towards Model Driven Tool Interoperability: Bridging Eclipse and Microsoft Modeling Tools}},
  booktitle = {ECMFA},
  year      = {2010},
  pages     = {32-47},
  ee        = {http://dx.doi.org/10.1007/978-3-642-13595-8_5},
  crossref  = {ECMDAFA2010},
}

@inproceedings{FALKENBERG76CONCEPTS,
	author    = {Eckhard D. Falkenberg},
	title     = {{Concepts for Modelling Information}},
	booktitle = {IFIP Working Conference on Modelling in Data Base Management Systems},
	year      = {1976},
	pages     = {95-109},
}

@inproceedings{SEIFERT08REVERSE,
	author    = {Florian Heidenreich and Jendrik Johannes and Mirko Seifert and Christian Wende},
	title     = {{Construct to Reconstruct - Reverse Engineering Java Code with JaMoPP}},
	year      = {2009},
	crossref  = {REM2009},
}

@inproceedings{RANGER07PROGRES,
	author    = {Ulrike Ranger and Erhard Weinell},
	title     = {{The Graph Rewriting Language and Environment PROGRES}},
	booktitle = {AGTIVE},
	year      = {2007},
	pages     = {575-576},
	ee        = {http://dx.doi.org/10.1007/978-3-540-89020-1_41},
	crossref  = {AGTIVE2007},
}

@inproceedings{GIESE09IMPROVED,
	author    = {Holger Giese and Stephan Hildebrandt and Andreas Seibel},
	title     = {{Improved Flexibility and Scalability by Interpreting Story Diagrams}},
	booktitle = {Graph Transformation and Visual Modeling Techniques (GT-VMT 2009)},
	crossref  = {GTVMT2009},
}

@inproceedings{PRIESTERJAHN09MODELING,
	author = {Claudia Priesterjahn and Matthias Tichy},
	title  = {{Modeling Safe Reconfiguration with the FUJABA Real-Time Tool Suite}},
	year = {2009},
	crossref = {FUJABADAYS2009},
}

@inproceedings{TICHY06SEMANTIC,
	author = {Matthias Tichy and Matthias Meyer and and Holger Giese},
	title  = {{On Semantic Issues in Story Diagrams}},
	booktitle = {Proc. of the 4th International Fujaba Days 2006, Bayreuth, Germany},
	year = {2006},
	crossref = {FUJABADAYS2006},
}

@inproceedings{GIANDINI09TWOLEVEL,
	author    = {Roxana S. Giandini and Claudia Pons and Gabriela P{\'e}rez},
	title     = {{A two-level formal semantics for the QVT language}},
	booktitle = {CIbSE},
	year      = {2009},
	pages     = {73-86},
	crossref  = {CIBSE2009},
}

@inproceedings{KIFER89FLOGIC,
	author    = {Michael Kifer and Georg Lausen},
	title     = {{F-Logic: A Higher-Order language for Reasoning about Objects, Inheritance, and Scheme}},
	booktitle = {SIGMOD Conference},
	year      = {1989},
	pages     = {134-146},
	ee        = {http://doi.acm.org/10.1145/67544.66939, db/conf/sigmod/KiferL89.html},
	crossref  = {SIGMOD89},
}

@inproceedings{HEIDENREICH09CLOSING,
  title     = {{Closing the Gap between Modelling and Java}},
  booktitle = {Software Language Engineering},
  author    = {Florian Heidenreich and Jendrik Johannes and Mirko Seifert and Christian Wende},
  pdf       = {http://fheidenreich.de/work/files/SLE09.pdf},
  crossref  = {SLE2009},
  pages     = {374-383},
}

@inproceedings{LETELIER02FRAME,
	author    = {Patricio Letelier},
	title     = {{A Framework for Requirements Traceability in UML-based Projects}},
	booktitle = {In Proc. of 1st International Workshop on Traceability in Emerging Forms of Software Engineering. In conjunction with the 17th IEEE International Conference on Automated Software Engineering, Edinburgh, U.K., September 2002},
	pages     = {32-41},
	year      = {2002},
}

@inproceedings{KASSAB08TRACEABILITY,
	author    = {Mohamad Kassab and Olga Ormandjieva and Maya Daneva},
	title     = {{A Traceability Metamodel for Change Management of Non-functional Requirements}},
	booktitle = {SERA},
	year      = {2008},
	pages     = {245-254},
	ee        = {http://doi.ieeecomputersociety.org/10.1109/SERA.2008.37},
	crossref  = {SERA2008},
}

@inproceedings{TARR99NDEGREES,
	author    = {Peri L. Tarr and Harold Ossher and William H. Harrison and Stanley M. Sutton Jr.},
	title     = {{N Degrees of Separation: Multi-Dimensional Separation of Concerns}},
	booktitle = {ICSE},
	year      = {1999},
	pages     = {107-119},
	ee        = {http://portal.acm.org/citation.cfm?id=302405.302457},
	crossref  = {ICSE99},
}

@inproceedings{BEZEVIN05MODEL,
	author = {Jean B\'{e}zivin and Ivan Kurtev},
	title = {{Model-based Technology Integration with the Technical Space Concept}},
	booktitle = {Metainformatics Symposium},
	year = {2002},
	publisher = {Springer-Verlag}
}

@inproceedings{KURTEV02TECH,
	booktitle = {International Symposium on Distributed Objects and Applications, DOA  Federated Conferences, Industrial track, Irvine, 2002},
	title     = {{Technological Spaces: An Initial Appraisal}},
	author    = {Ivan Kurtev and Jean B\'{e}zivin and Mehmet Aksit},
	year      = {2002},
	url       = {http://doc.utwente.nl/55814/},
}

@inproceedings{BEZIVIN04NEED,
	author = {Jean B\'{e}zivin and Fr\'{e}d\'{e}ric Jouault and Patrick Valduriez},
	title = {{On the Need for Megamodels}},
	booktitle = {Proceedings of the OOPSLA/GPCE: Best Practices for Model-Driven Software Development workshop, 19th Annual ACM Conference on Object-Oriented Programming, Systems, Languages, and Applications},
	year = {2004},
	url = {http://www.sciences.univ-nantes.fr/lina/atl/www/papers/OOPSLA04/bezivin-megamodel.pdf},
}

@inproceedings{KOLOVOS06EOL,
	author    = {Dimitrios S. Kolovos and Richard F. Paige and Fiona Polack},
	title     = {{The Epsilon Object Language (EOL)}},
	booktitle = {ECMDA-FA},
	year      = {2006},
	pages     = {128-142},
	ee        = {http://dx.doi.org/10.1007/11787044_11},
	crossref  = {ECMDAFA2006},
}

@inproceedings{JOUAULT06KM3,
	author = {Fr\'{e}d\'{e}ric Jouault and Jean B\'{e}zivin},
	title = {{KM3: a DSL for Metamodel Specification}},
	year = {2006},
	URL = {http://www.sciences.univ-nantes.fr/lina/atl/www/papers/KM3-FMOODS06.pdf},
	booktitle = {Proceedings of 8th IFIP International Conference on Formal Methods for Open Object-Based Distributed Systems},
	publisher = {Springer},
	address = {Bologna, Italy},
	pages = {171--185},
	crossref  = {FMOODS2006},
}

@inproceedings{WIMMER05BRIDGING,
	author    = {Manuel Wimmer and Gerhard Kramler},
	title     = {Bridging Grammarware and Modelware},
	booktitle = {MoDELS Satellite Events},
	year      = {2005},
	pages     = {159-168},
	ee        = {http://dx.doi.org/10.1007/11663430_17},
	crossref  = {MODELS2005SE},
}

@incollection {BASIM96MAPTOOL,
   author = {Kadhim, Basim and Waite, William},
   affiliation = {University of Colorado 80309-0425 Boulder CO USA 80309-0425 Boulder CO USA},
   title = {{Maptool — supporting modular syntax development}},
   booktitle = {Compiler Construction},
   series = {Lecture Notes in Computer Science},
   editor = {Gyimóthy, Tibor},
   publisher = {Springer Berlin, Heidelberg},
   pages = {268-280},
   volume = {1060},
   year = {1996}
}

@incollection{SASSONE93CLASSIFICATION,
	author    = {Vladimiro Sassone and Morgan Nielsen and Glynn Winskel},
	title     = {{A Classification of Models for Concurrency}},
	year      = 1993,
	booktitle = {CONCUR'93: Proceedings of the 4th International Conference on Concurrency Theory},
	editor    = {E. Best},
	publisher = {Springer},
	address   = {Berlin, Heidelberg},
	pages     = {62-96},
}

@inproceedings{ZAMLI01TAXONOMY,
	author = {Karnal Z. Zamli and Peter A. Lee},
	title = {{A Taxonomy of Process Modeling Languages}},
	booktitle = {AICCSA '01: Proceedings of the ACS/IEEE International Conference on Computer Systems and Applications},
	pages = {435},
	publisher = {IEEE Computer Society},
	address = {Washington, DC, USA},
	year = {2001},
	isbn = {0-7695-1165-1}
}

@inproceedings{DERNTL06CLASSIFICATION,
	author    = {Michael Derntl and Kathrin Figl and Luca Botturi and Eddy Boot},
	title     = {{A Classification Framework for Educational Modeling Languages in Instructional Design}},
	booktitle = {IEEE International Conference on Advanced Learning Technologies (ICALT 2006)},
	year      = {2006},
	month     = {7},
	address   = {Kerkrade, The Netherlands},
	publisher = {IEEE Press},
} 

@inproceedings{HE07METAMODEL,
	author    = {Xiao He and Zhiyi Ma and Weizhong Shao and Ge Li},
	title     = {{A metamodel for the notation of graphical modeling languages}},
	booktitle = {COMPSAC (1)'07},
	pages     = {219-224},
	year      = {2007},
}

@inproceedings{KAPPEL06LIFTING,
	author    = {Gerti Kappel and Elisabeth Kapsammer and Horst Kargl and Gerhard Kramler and Thomas Reiter and Werner Retschitzegger and Wieland Schwinger and Manuel Wimmer},
	title     = {{Lifting Metamodels to Ontologies: A Step to the Semantic Integration of Modeling Languages}},
	booktitle = {MoDELS},
	year      = {2006},
	pages     = {528-542},
	ee        = {http://dx.doi.org/10.1007/11880240_37},
	crossref  = {MODELS2006},
}

@inproceedings{RIEHLE98ROLE,
	author    = {Dirk Riehle and Thomas R. Gross},
	title     = {{Role Model Based Framework Design and Integration}},
	booktitle = {OOPSLA},
	year      = {1998},
	pages     = {117-133},
	ee        = {http://doi.acm.org/10.1145/286936.286951},
}

@inproceedings{BALZER07RELATIONAL,
	author    = {Stephanie Balzer and Thomas R. Gross and Patrick Eugster},
	title     = {{A Relational Model of Object Collaborations and Its Use in Reasoning About Relationships}},
	booktitle = {ECOOP},
	year      = {2007},
	pages     = {323-346},
	ee        = {http://dx.doi.org/10.1007/978-3-540-73589-2_16},
	crossref  = {ECOOP2007},
}

@inproceedings{WENDE09ROLE,
	author    = {Christian Wende and Nils Thieme and Steffen Zschaler},
	title     = {{A Role-based Approach Towards Modular Language Engineering}},
	booktitle = {Software Language Engineering},
	crossref  = {SLE2009},
	pages     = {254-273},
}

@inproceedings{KRISTENSEN95OOWITHROLES,
	author    = {Bent Bruun Kristensen},
	title     = {{Object-Oriented Modelling with Roles}},
	year      = {1995},
	pages     = {57-71},
	crossref  = {OOIS1995},
}

@inproceedings{COULONDRE02TOWARDS,
	author    = {St{\'e}phane Coulondre and Th{\'e}r{\`e}se Libourel},
	title     = {{Towards a New Role Paradigm for Object-Oriented Modeling}},
	booktitle = {OOIS Workshops},
	year      = {2002},
	pages     = {44-52},
	ee        = {http://link.springer.de/link/service/series/0558/bibs/2426/24260044.htm},
	crossref  = {OOIS2002WORKSHOPS},
}

@inproceedings{FOSTER05COMBINATORS,
	author    = {J. Nathan Foster and Michael B. Greenwald and Jonathan T. Moore and Benjamin C. Pierce and Alan Schmitt},
	title     = {{Combinators for bi-directional tree transformations: a linguistic approach to the view update problem}},
	booktitle = {{POPL '05}},
	year      = {2005},
	isbn      = {1-58113-830-X},
	pages     = {233--246},
	doi       = {http://doi.acm.org/10.1145/1040305.1040325},
	crossref  = {POPL2005},
}

@inproceedings{BOHANNON08BOOMERANG,
	author    = {Aaron Bohannon and J. Nathan Foster and Benjamin C. Pierce and Alexandre Pilkiewicz and Alan Schmitt},
	title     = {{Boomerang: Resourceful lenses for string data}},
	booktitle = {POPL '08},
	year      = {2008},
	pages     = {407-419},
	ee        = {http://doi.acm.org/10.1145/1328438.1328487},
	crossref  = {POPL2008},
}

@inproceedings{STEVENS08TOWARDS,
	author    = {Perdita Stevens},
	title     = {{Towards an Algebraic Theory of Bidirectional Transformations}},
	booktitle = {ICGT},
	year      = {2008},
	pages     = {1-17},
	ee        = {http://dx.doi.org/10.1007/978-3-540-87405-8_1},
	crossref  = {ICGT2008},
}

@inproceedings{LARA07TRIPLE,
	author    = {Juan de Lara and Esther Guerra and Paolo Bottoni},
	title     = {{Triple Patterns: Compact Specification for the Generation of Operational Triple Graph Grammar Rules}},
	booktitle = {GTVMT'07},
	year      = {2007},
	crossref  = {GTVMT2007},
}

@inproceedings{LAWLEY05PRACTICAL,
	author    = {Michael Lawley and Jim Steel},
	title     = {{Practical Declarative Model Transformation with Tefkat}},
	booktitle = {MoDELS Satellite Events},
	year      = {2005},
	pages     = {139-150},
	ee        = {http://dx.doi.org/10.1007/11663430_15},
	crossref  = {MODELS2005SE},
}

@inproceedings{CABOT08ANALYSING,
	author    = {Jordi Cabot and Robert Claris{\'o} and Esther Guerra and Juan {de Lara}},
	title     = {{Analysing Graph Transformation Rules Through OCL}},
	pages     = {225-239},
	year      = {2008},
	crossref  = {ICMT2008},
}

@inproceedings{LARA08PATTERN,
	author    = {Juan {de Lara} and Esther Guerra},
	title     = {{Pattern-Based Model-to-Model Transformation}},
	booktitle = {ICGT},
	year      = {2008},
	pages     = {426-441},
	ee        = {http://dx.doi.org/10.1007/978-3-540-87405-8_29},
	crossref  = {ICGT2008},
}

@inproceedings{BOJIC00URCA,
	author    = {Dragan Boji\'{c} and Dusan Vela\v{s}evi\'{c}},
	title     = {{URCA Approach to Scenario-based Round-trip Engineering}},
	booktitle = {{OOPSLA 2000 Workshop on Scenario-based Round-trip Engineering, Minneapolis, October 2000}},
	year      = {2000},
}

@inproceedings{SEIFERT08STATIC,
	author    = {Mirko Seifert and Roland Samlaus},
	title     = {{Static Source Code Analysis using OCL}},
	year      = {2008},
	crossref  = {OCL2008},
}

@inproceedings{SCHUERR08FIFTEEN,
	author    = {Andy Sch{\"u}rr and Felix Klar},
	title     = {{15 Years of Triple Graph Grammars}},
	booktitle = {ICGT},
	year      = {2008},
	pages     = {411-425},
	ee        = {http://dx.doi.org/10.1007/978-3-540-87405-8_28},
	crossref  = {ICGT2008},
}

@inproceedings{KLAR07MODEL,
	author    = {Felix Klar and Alexander K\"{o}nigs and Andy Sch\"{u}rr},
	title     = {{Model Transformation in the Large}},
	booktitle = {ESEC-FSE '07: Proceedings of the the 6th joint meeting of the European software engineering conference and the ACM SIGSOFT symposium on The foundations of software engineering},
	year      = {2007},
	isbn      = {978-1-59593-811-4},
	pages     = {285--294},
	location  = {Dubrovnik, Croatia},
	doi       = {http://doi.acm.org/10.1145/1287624.1287664},
	publisher = {ACM},
	address   = {New York, NY, USA},
}

@inproceedings{NICKEL00ROUNDTRIP,
	author = {Ulrich A. Nickel and Jörg Niere and Jörg P. Wadsack and Albert Zündorf},
	title  = {{Roundtrip Engineering with FUJABA (Extended Abstract}},
	booktitle = {2. Workshop Software-Reengineering, Bad Honnef, Germany, 11.-12. Mai 2000},
	year = {2000},
}

@inproceedings{PAESSCHEN05SELFSYNC,
	author    = {Ellen Van Paesschen and Wolfgang De Meuter and Maja D'Hondt},
	title     = {{SelfSync: A Dynamic Round-Trip Engineering Environment}},
	pages     = {146-147},
	crossref  = {OOPSLA2005COMP},
}

@inproceedings{UNGAR07SELF,
	author    = {David Ungar and Randall B. Smith},
	title     = {{Self}},
	pages     = {1-50},
	crossref  = {HOPL2007},
}

@inproceedings{DEMEYER99WHY,
	author    = {Serge Demeyer and St{\'e}phane Ducasse and Sander Tichelaar},
	title     = {{Why Unified is not Universal? UML Shortcomings for Coping with Round-trip Engineering}},
	pages     = {630-644},
	crossref  = {UML1999},
}

@inproceedings{GREENYER07REC,
	author    = {Joel Greenyer and Ekkart Kindler},
	title     = {{Reconciling TGGs with QVT}},
	pages     = {16-30},
	crossref  = {MODELS2007},
}

@inproceedings{KINDLER04ADAPT,
	author   = {Ekkart Kindler and Vladimir Rubin and Robert Wagner},
	title    = {{An Adaptable TGG Interpreter for In-Memory Model Transformation}},
	crossref = {FUJABADAYS2004},
	pages    = {35-38},
}

@inproceedings{TAENTZER03AGG,
	author    = {Gabriele Taentzer},
	title     = {{AGG: A Graph Transformation Environment for Modeling and Validation of Software}},
	year      = {2003},
	pages     = {446-453},
	crossref  = {AGTIVE2003},
}
	
@inproceedings{GEIGER02GRAPH,
	author    = {Leif Geiger and Albert Zündorf},
	title     = {{Graph Based Debugging with Fujaba}},
	year      = {2002},
	crossref  = {GRABATS2002},
}

@inproceedings{MAYOL99SURVEY,
	author    = {Enric Mayol and Ernest Teniente},
	title     = {{A Survey of Current Methods for Integrity Constraint Maintenance and View Updating}},
	pages     = {62-73},
	crossref  = {ACM1999},
}

@inproceedings{KARSAI06GREAT,
	author   = {Daniel Balasubramanian and Anantha Narayanan and Chris {van Buskirk} and Gabor Karsai},
	title    = {{The Graph Rewriting and Transformation Language: GReAT}},
	pages    = {},
	crossref = {GRABATS2006}
}

@inproceedings{GEISS06GRGEN,
	author   = {Rubino Gei{\ss} and Gernot Veit Batz and Daniel Grund and Sebastian Hack and Adam M. Szalkowski},
	title    = {{GrGen: A Fast SPO-Based Graph Rewriting Tool}},
	pages    = {383-397},
	crossref = {ICGT2006}
}

@inproceedings{KESSLER07ARE,
	author    = {Mikhail Chalabine and Christoph Kessler},
	title     = {{A Formal Framework for Automated Round-Trip Software Engineering in Static Aspect Weaving and Transformations}},
	booktitle = {Proceedings of 29th International Conference on Software Engineering (ICSE 2007)},
	year      = {2007},
	
	issn      = {0270-5257},
	pages     = {137-146},
	doi       = {http://doi.ieeecomputersociety.org/10.1109/ICSE.2007.7},
	crossref  = {ICSE2007},
}

@inproceedings{CZARNECKI06FSML,
	author    = {Michal Antkiewicz and Krzysztof Czarnecki},
	title     = {{Framework-Specific Modeling Languages with Round-Trip Engineering}},
	booktitle = {Proceedings of ACM/IEEE 9th International Conference on Model Driven Engineering Languages and Systems (MoDELS)},
	year      = {2006},
	
	series    = {Lecture Notes in Computer Science},
	publisher = {Springer},
	owner     = {D047117},
	timestamp = {2007.05.03}
}

@inproceedings{FRANCE07MDD,
	author    = {Robert France and Bernhard Rumpe},
	title     = {{Model-driven Development of Complex Software: A Research Roadmap}},
	booktitle = {Future of Software Engineering 2007},
	month     = {May},
	pages     = {37-54},
	year      = {2007},
	address   = {Minneapolis, Minnesota},
}


@inproceedings{CSERTAN02VIATRA,
	author    = {Gy{\"o}rgy Csert{\'a}n and G{\'a}bor Huszerl and Istv{\'a}n Majzik and Zsigmond Pap and Andr{\'a}s Pataricza and D{\'a}niel Varr{\'o}},
	title     = {{VIATRA - Visual Automated Transformations for Formal Verification and Validation of UML Models}},
	pages     = {267-270},
	ee        = {http://csdl.computer.org/comp/proceedings/ase/2002/1736/00/17360267abs.htm},
	crossref  = {ASE02},
}

@inproceedings{KUESTER04COMP,
	author    = {Jochen M. Küster and Shane Sendall and Michael Wahler},
	title     = {{Comparing two Model Transformation Approaches}},
	pages     = {114--127},
	booktitle = {{OCL and Model Driven Engineering, UML 2004 Conference Workshop, October 12, 2004, Lisbon, Portugal}},
	editor    = {Octavian Patrascoiu},
	publisher = {University of Kent},
	year      = {2004},
}

@inproceedings{VARRO04GRAPH,
	author   = {Gergely Varr{\'o} and D{\'a}niel Varr{\'o}},
	title    = {{Graph Transformation with Incremental Updates}},
	pages    = {71-83},

	crossref = {GTVMT2004}
}

@inproceedings{SENDALL04TAMING,
	author    = {Shane Sendall and Jochen M. Küster},
	title     = {{Taming Model Round-Trip Engineering}},
	booktitle = {{Proceedings of Workshop on Best Practices for Model-Driven Software Development}},
	year      = {2004},
	
	address   = {Vancouver, Canada},
	keywords  = {mda},
	url       = {http://www.zurich.ibm.com/pdf/csc/position-paper-mdsd04_sendall.pdf},
}

@inproceedings{CZARNECKI03CLASS,
	author    = {Krzysztof Czarnecki and Simon Helsen},
	title     = {Classification of Model Transformation Approaches},
	booktitle = {OOPSLA 2003 Workshop on Generative Techniques in the context of Model Driven Architecture},
	year      = {2003},
	
	month     = {oct},
}

@inproceedings{KOENIGS05TGG,
	author    = {Alexander Königs},
	title     = {{Model Transformation with Triple Graph Grammars}},
	booktitle = {{Model Transformations in Practice Satellite Workshop of MODELS 2005, Montego Bay, Jamaica}},
	year      = {2005}
}

@inproceedings{SCHUERR94TGG,
	author    = {Andy Schürr},
	title     = {{Specification of Graph Translators with Triple Graph Grammars}},
	year      = {1994},
	
	publisher = {{S}pringer {V}erlag},
	crossref  = {WG1994},
}

@inproceedings{MCCREARY88PARSE,
	author    = {Carolyn McCreary},
	title     = {Parsing a graph-grammar},
	booktitle = {CSC '88: Proceedings of the 1988 ACM sixteenth annual conference on Computer science},
	year      = {1988},
	
	isbn      = {0-89791-260-8},
	pages     = {249--255},
	location  = {Atlanta, Georgia, United States},
	doi       = {http://doi.acm.org/10.1145/322609.322649},
	publisher = {ACM Press},
	address   = {New York, NY, USA},
}

@inproceedings{KALNINS04MOLA,
	author    = {Audris Kalnins and Janis Barzdins and Edgars Celms},
	title     = {{Model Transformation Language MOLA}},
	booktitle = {MDAFA},
	year      = {2004},
	pages     = {62-76},
	ee        = {http://dx.doi.org/10.1007/11538097_5},
	crossref  = {MDAFA2004},
}

@inproceedings{LARSSON03CODEX,
	author    = {Henrik Larsson and Kalle Burbeck},
	title     = {Codex - {A}n {A}utomatic {M}odel {V}iew {C}ontroller {E}ngineering {S}ystem},
	booktitle = {Proceedings of Workshop on Model Driven Architecture: Foundations and Applications, June 26-27, 2003, University of Twente, Enschede, The Netherlands},
	year      = {2003},
	pages     = {37-48},
}

@inproceedings{DREWES06ADAPT,
	author    = {Frank Drewes and Berthold Hoffmann and Dirk Janssens and Mark Minas and Niels Van Eetvelde},
	title     = {{Adaptive Star Grammars}},
	year      = {2006},
	pages     = {77-91},
	crossref  = {ICGT2006},
	ee        = {http://dx.doi.org/10.1007/11841883_7},
}

@inproceedings{JAKOB06VIEW,
	author    = {Johannes Jakob and Andy Schürr},
	title     = {{View Creation of Meta Models by Using Modified Triple Graph Grammars}},
	crossref  = {GTVMT2006},
	pages     = {175-184},
}

@inproceedings{RENSINK06GRAPH,
	author    = {Arend Rensink and Ronald Nederpel},
	title     = {{Graph Transformation Semantics for a QVT Language}},
	crossref  = {GTVMT2006},
	pages     = {51-62},
	year      = {2008},
}

@inproceedings{GRUNKSE05GRAPH,
	author   = {Lars Grunske and Leif Geiger and Michael Lawley},
	title    = {{A Graphical Specification of Model Transformations with Triple Graph Grammars}},
	crossref = {ECMDAFA2005},
	month    = {November},
	year     = {2005},
}

@inproceedings{GUERRA06MODEL,
	author    = {Esther Guerra and Juan {de Lara}},
	title     = {{Model View Management with Triple Graph Transformation Systems}},
	year      = {2006},
	pages     = {351-366},
	crossref  = {ICGT2006},
	ee        = {http://dx.doi.org/10.1007/11841883_25},
}

@inproceedings{LARA05FORMAL,
	author    = {Juan {de Lara} and Esther Guerra},
	title     = {{Formal Support for Model Driven Development with Graph Transformation Techniques}},
	booktitle = {Proceedings of Desarrollo Dirigido por Modelos. MDA y Aplicaciones. (DSDM'05), Granada, Spain},
	year      = {2005},
	volume    = {157},
	publisher = {{CEUR} Workshop Proceedings},
	url       = {http://ftp.informatik.rwth-aachen.de/Publications/CEUR-WS/Vol-157/}
}

@inproceedings{CHRISTOPH04DESC,
	author    = {Alexander Christoph},
	title     = {{Describing Horizontal Model Transformations with Graph Rewriting Rules}},
	booktitle = {MDAFA},
	year      = {2004},
	pages     = {93-107},
	ee        = {http://dx.doi.org/10.1007/11538097_7},
	crossref  = {MDAFA2004},
}

@inproceedings{KURTEV04MISTRAL,
	author    = {Ivan Kurtev and Klaas van den Berg},
	title     = {{MISTRAL}: {A} {L}anguage for {M}odel {T}ransformations in the {M}{O}{F} {M}eta-modeling {A}rchitecture},
	booktitle = {MDAFA},
	year      = {2004},
	pages     = {139-158},
	ee        = {http://dx.doi.org/10.1007/11538097_10},
	crossref  = {MDAFA2004},
}

@inproceedings{GERBER02TRANS,
	author   = {A. Gerber and M. Lawley and K. Raymond and J. Steel and A. Wood},
	title    = {{Transformation: The missing link of MDA}},
	crossref = {ICGT2002},
	year     = {2002},
	url      = {citeseer.ist.psu.edu/gerber02transformation.html}
}

@inproceedings{BARESI02TUTORIAL,
	author   = {Luciano Baresi and Reiko Heckel},
	title    = {{Tutorial Introduction to Graph Transformation: A Software Engineering Perspective}},
	year     = {2002},
	pages    = {402--429},
	crossref = {ICGT2002},
}

@inproceedings{FUSS07JURY,
	author   = {Christian Fuss and Christof Mosler and Ulrike Ranger and Erhard Schultchen},
	title    = {{The Jury is still out: A Comparison of AGG, Fujaba, and PROGRES}},
	year     = {2007},
	crossref = {GTVMT2007},
}

@inproceedings{FRADET99CONSISTENCY,
	author   = {Pascal Fradet and Daniel Le Metayer and Michael Perin},
	title    = {{Consistency Checking for Multiple View Software Architectures}},
	year     = {1999},
	pages    = {410-428},
	crossref = {ESEC1999},
	url      = {citeseer.ist.psu.edu/article/fradet99consistency.html},
}

@inproceedings{POON96CONSISTENCY,
	author    = {Wai Leung Poon and Anthony Finkelstein},
	title     = {{Consistency Management for Multiple Perspective Software Development}},
	booktitle = {Joint proceedings of the second international software architecture workshop (ISAW-2) and international workshop on multiple perspectives in software development (Viewpoints '96) on SIGSOFT '96 workshops},
	year      = {1996},
	isbn      = {0-89791-867-3},
	pages     = {192--196},
	location  = {San Francisco, California, United States},
	doi       = {http://doi.acm.org/10.1145/243327.243656},
	publisher = {ACM Press},
	address   = {New York, NY, USA},
}

@inproceedings{BOHANNON06RELATIONAL,
	author   = {Aaron Bohannon and Benjamin C. Pierce and Jeffrey A. Vaughan},
	title    = {{Relational Lenses: a Language for Updatable Views}},
	pages    = {338--347},
	crossref = {PODS06},
}

@inproceedings{STEVENS07BIDI,
	author    = {Perdita Stevens},
	title     = {{Bidirectional Model Transformations in {QVT}: Semantic Issues and Open Questions}},
	year      = {2007},
	pages     = {1-15},
	crossref  = {MODELS2007},
}

@inproceedings{HIBBERD07FORENSIC,
	author    = {Mark Hibberd and Michael Lawley and Kerry Raymond},
	title     = {{Forensic Debugging of Model Transformations}},
	year      = {2007},
	pages     = {589-604},
	ee        = {http://dx.doi.org/10.1007/978-3-540-75209-7_40},
	crossref  = {MODELS2007},
}

@inproceedings{EHRIG07INFO,
	author    = {Hartmut Ehrig and Karsten Ehrig and Claudia Ermel and Frank Hermann and Gabriele Taentzer},
	title     = {{Information Preserving Bidirectional Model Transformations}},
	year      = {2007},
	pages     = {72-86},
	ee        = {http://dx.doi.org/10.1007/978-3-540-71289-3_7},
	crossref  = {FASE07},
}

@inproceedings{JAKOB06NONMAT,
	author    = {Johannes Jakob and Alexander Königs and Andy Schürr},
	title     = {{Non-materialized Model View Specification with Triple Graph Grammars}},
	year      = {2006},
	crossref  = {ICGT2006},
	pages     = {321-335},
	ee        = {http://dx.doi.org/10.1007/11841883_23},
}

@inproceedings{RANGER07ENSURE,
	author    = {Ulrike Ranger and Thorsten Hermes},
	title     = {Ensuring {C}onsistency {W}ithin {D}istributed {G}raph {T}ransformation {S}ystems},
	year      = {2007},
	pages     = {368-382},
	ee        = {http://dx.doi.org/10.1007/978-3-540-71289-3_28},
	crossref  = {FASE07},
}

@inproceedings{FISCHER98STORY,
	author    = {Thorsten Fischer and Jörg Niere and Lars Torunski and Albert Zündorf},
	title     = {{Story Diagrams: A New Graph Rewrite Language Based on the Unified Modeling Language and Java}},
	year      = {1998},
	pages     = {296-309},
	crossref  = {TAGT98},
}

@inproceedings{VARRO04GEN,
	author    = {D{\'a}niel Varr{\'o} and Andr{\'a}s Pataricza},
	title     = {{Generic and Meta-Transformations for Model Transformation Engineering}},
	pages     = {290--304},
	crossref  = {UML2004},
}

@inproceedings{KLEPPE03DO,
	author    = {Anneke Kleppe and Jos Warmer}, 
	title     = {{Do MDA Transformations Preserve Meaning? An investigation into preserving semantics}},
	booktitle = {Metamodelling for MDA Workshop, First International Workshop, York, UK, Proceedings},
	editor    = {Andy Evans and Paul Sammut and James S. Willans},
	month     = {Nov},
	year      = {2003},
	pages     = {12-22},
}

@inproceedings{LECHTENBOERGER03IMPACT,
	author    = {Jens Lechtenbörger},
	title     = {{The Impact of the Constant Complement Approach Towards View Updating}},
	booktitle = {PODS},
	year      = {2003},
	pages     = {49-55},
	ee        = {http://doi.acm.org/10.1145/773153.773159},
	crossref  = {PODS03},
}

@inproceedings{MENS06TAXONOMY,
	author   = {Tom Mens and Pieter {Van Gorp}},
	title    = {{A Taxonomy of Model Transformation}},
	year     = {2006},
	crossref = {GRAMOT05},
	pages    = {125-142},
}

@inproceedings{BRAUN03TOOMBOTL,
	author   = {Peter Braun and Frank Marschall},
	title    = {{Transforming Object Oriented Models with BOTL}},
	crossref = {GTVMT2002},
	pages    = {103-117},
}

@inproceedings{ENGELS03THE,
	author = {Gregor Engels and Reiko Heckel and Jochen Malte Küster},
	title = {{The Consistency Workbench: A Tool for Consistency Management in UML-Based Development.}},
	crossref = {UML2003},
	pages = {356-359},
}

@inproceedings{ASSMANN99ASPECT,
	author    = {Uwe A{\ss}mann and Andreas Ludwig},
	title     = {{Aspect Weaving with Graph Rewriting}},
	booktitle = {GCSE},
	year      = {1999},
	pages     = {24-36},
	ee        = {http://link.springer.de/link/service/series/0558/bibs/1799/17990024.htm},
	crossref  = {GCSE99},
}

@inproceedings{ANGYAL08SYNC,
	author    = {L{\'a}szl{\'o} Angyal and L{\'a}szl{\'o} Lengyel and Hassan Charaf},
	title     = {{A Synchronizing Technique for Syntactic Model-Code Round-Trip Engineering}},
	booktitle = {ECBS},
	year      = {2008},
	pages     = {463-472},
	ee        = {http://doi.ieeecomputersociety.org/10.1109/ECBS.2008.33},
	crossref  = {ECBS2008},
}

@inproceedings{GEIGER05TEMPLATE,
	title     = {{Template- and modelbased code generation for MDA-Tools}},
	author    = {Leif Geiger and Christian Schneider and Carsten Reckord},
	crossref  = {FUJABADAYS2005},
}

@inproceedings{HOVEMEYER07FIND,
	author    = {David Hovemeyer and William Pugh},
	title     = {{Finding more null pointer bugs, but not too many}},
	year      = {2007},
	pages     = {9-14},
	crossref  = {PASTE2007},
}

@inproceedings{HAJIYEV06CODEQUEST,
	author    = {Elnar Hajiyev and Mathieu Verbaere and Oege de Moor},
	title     = {{CodeQuest: Scalable Source Code Queries with Datalog}},
	booktitle = {ECOOP},
	year      = {2006},
	pages     = {2-27},
	ee        = {http://dx.doi.org/10.1007/11785477_2},
	crossref  = {ECOOP2006},
}

@inproceedings{BOOGERD08ASSESS,
	author    = {Cathal Boogerd and Leon Moonen},
	title     = {{Assessing the Value of Coding Standards: An Empirical Study}},
	year      = {2008},
	booktitle = {Proceedings of the 24th IEEE International Conference on Software Maintenance, September 28 to October 4, 2008, Beijing, China, To appear},
}

@inproceedings{COUSOT77,
	author =    {Patrick Cousot and Radhia Cousot},
	title =     {Abstract interpretation: a unified lattice model for static analysis of programs by construction or approximation of fixpoints},
	pages =     {238--252},
	booktitle = {Conference Record of the Fourth Annual ACM SIGPLAN-SIGACT Symposium on Principles of Programming Languages},
	address =   {Los Angeles, California},
	publisher = {ACM Press, New York, NY},
	year =      1977,
}

@inproceedings{REPS04STATIC,
	author    = {Thomas W. Reps and Shmuel Sagiv and Reinhard Wilhelm},
	title     = {{Static Program Analysis via 3-Valued Logic}},
	year      = {2004},
	pages     = {15-30},
	crossref  = {CAV2004},
}

@inproceedings{VOLDER06JQUERY,
	author    = {Kris De Volder},
	title     = {{JQuery: A Generic Code Browser with a Declarative Configuration Language}},
	year      = {2006},
	pages     = {88-102},
	ee        = {http://dx.doi.org/10.1007/11603023_7},
	crossref  = {PADL2006},
}

@inproceedings{SEIFERT08DEBUGGING,
	author    = {Mirko Seifert and Stefan Katscher},
	title     = {{Debugging Triple Graph Grammar-based Model Transformations}},
	year      = {2008},
	crossref  = {FUJABADAYS2008},
}

% books %%%%%%%%%%%%%%%%%%%%%%%%%%%%%%%%%%%%%%%%%%%%%%%%%%%%%%%%%%%%%%%%%%%%%%%%%%%%%%%%%%
@book{PETRINETS,
	author    = {James Lyle Peterson},
	title     = {{Petri Net Theory and the Modeling of Systems}},
	publisher = {Prentice Hall},
	year      = {1981},
}

@book{ZUYLEN93,
  editor    = {Henk {Van Zuylen}},
  title     = {{The Redo Compendium: Reverse Engineering for Software Maintenance}},
  publisher = {John Wiley {\&} Sons Ltd},
  year      = {1993},
  isbn      = {0471936073}
}

@book{AGRAWAHL08,
	title = {{Software Engineering}},
	author = {K. K. Aggarwal},
	isbn = {8122423604},
	isbn13 = {9788122423600},
	year = {2008},
	publisher = {New Age International},
	edition = {3rd},
}

@book{EUZENAT,
	author    = {J\'er\^ome Euzenat and Pavel Shvaiko},
	title     = {{Ontology Matching}},
	language  = {english},
	page      = 341,
	publisher = {Springer},
	address   = {Heidelberg},
	year      = 2007,
	isbn      = {3-540-49611-4}}
}

@book{LI08KOLMOGOROV,
	title = {{An Introduction to Kolmogorov Complexity and Its Applications}},
	author = {Ming Li and Paul Vitanyi},
	edition = {3rd}, 
	publisher = {Springer Verlag},
	year = {2008},
	isbn = {987-0-387-49820-1}
}

@book{ASSMANN03ISC,
	author = {Uwe A{\ss}mann},
	title = {{Invasive Software Composition}},
	year = {2003},
	edition = {1st},
	publisher = {Springer Verlag},
	howpublished = {Hardcover},
	isbn = {3540443851},
	keywords = {aosd, aspect, composition},
	month = {April},
}

@book{HALPIN08INF,
	author = {Terry Halpin and Tony Morgan},
	title = {{Information Modeling and Relational Databases}},
	publisher = {Morgan Kaufmann},
	year = {2008},
}

@book{KLEPPE09SLE,
	author = {Anneke Kleppe},
	isbn = {0321553454},
	publisher = {Pearson Education},
	title = {{Software Language Engineering}},
	year = 2009
}

@book{ULLMAN86COMPILERS,
	author = {Alfred V. Aho and Ravi Sethi and Jeffrey D. Ullman},
	isbn = {0201100886},
	publisher = {Addison Wesley},
	title = {{Compilers -- Principles, Techniques, and Tools}},
	year = 1986
}

@book{CLOCKSIN03PROLOG,
	author = {William F. Clocksin and Christopher S. Mellish},
	title  = {Programming in Prolog},
	publisher = {Springer, Berlin},
	year = {2003},
	isbn = {3-540-00678-8},
}

@book{ARNOLD96CHANGE,
	author = {Robert Arnold and Shawn Bohner},
	title = {{Software Change Impact Analysis}},
	publisher = {IEEE Computer Society Press},
	year = {1996},
	isbn = {978-0818673849},
}

@book{IEEE91GLOSSARY,
	author = {{IEEE}},
	title = {{IEEE Standard Glossary of Software Engineering Terminology, IEEE Std 610.12-1990}},
	publisher = {Institute of Electrical \& Electronics Engineers},
	year = {1991},
	isbn = {978-1559370677},
}

@book{VOELTER06MDSD,
	author = {Markus V\"{o}lter and Thomas Stahl and Jorn Bettin and Arno Haase and Simon Helsen},
	title = {{Model-Driven Software Development}},
	publisher = {John Wiley \& Sons},
	year = {2006},
	isbn = {978-0470025703},
}

@book{REENSKAUG96,
	author = {Trygve Reenskaug and P. Wold and O.A. Lehne},
	title = {{Working with Objects: The OOram Software Engineering Method}},
	publisher = {Manning Publications, Greenwich, CT},
	year = {1996}
}

@book{IEEE_SE_DEF,
	editors = {Alain Abran and James W. Moore}, 
	title = {{Guide to the Software Engineering Body of Knowledge - 2004 Version}},
	published = {{IEEE Computer Society}},
	pages = {1–1},
	isbn = {0-7695-2330-7},
	url = {http://www.swebok.org},
}

@book{STEINBERG_EMF,
	author = {David Steinberg and Frank Budinsky and Marcelo Paternostro and Ed Merks},
	publisher = {Pearson Education},
	title = {{Eclipse Modeling Framework (2nd Edition)}},
	year = {2009},
	isbn = {0321331885}
}

@book{GAMMA95DP,
	author = {Erich Gamma and Richard Helm and Ralph Johnson and John Vlissides},
	publisher = {Addison-Wesley Professional},
	title = {{Design Patterns: Elements of reusable Object-Oriented Software}},
	year = {1995}
}

@book{OCL2,
	author = {Jos Warmer and Anneke Kleppe},
	title  = {Object Constraint Language 2.0},
	publisher = {Addison Wesley Professional},
	year = {2004},
}

@book{BUDINSKY03EMF,
	author    = {Frank Budinsky and Stephen A. Brodsky and Ed Merks},
	title     = {{Eclipse Modeling Framework}},
	year      = {2003},
	isbn      = {0131425420},
	publisher = {Pearson Education},
}

@book{DOERR95EFF,
	author    = {Heiko Dörr},
	title     = {Efficient Graph Rewriting and Its Implementation},
	series    = {Lecture Notes in Computer Science},
	volume    = {922},
	year      = {1995},
	isbn      = {3-540-60055-8},
	publisher ={Springer, Berlin}
}

@book{ROZENBERG97HANDBOOK,
	editor    = {Grzegorz Rozenberg},
	title     = {Handbook of Graph Grammars and Computing by Graph Transformations, Volume 1: Foundations},
	booktitle = {Handbook of Graph Grammars},
	publisher = {World Scientific},
	year      = {1997},
	isbn      = {9810228848},
}

@book{BAADER_DL,
	title = {{The Description Logic Handbook: Theory, Implementation and Applications}},
	author = {Franz Baader and Diego Calvanese and Deborah {McGuinness} and Daniele Nardi and Peter {Patel-Schneider}},
	publisher = {Cambridge University Press},
	year = 2003,
	isbn = {0521781760}, 
	shorttitle = {The Description Logic Handbook}}
}

@book{EHRIG06FUND,
	author    = {Hartmu Ehrig and Karsten Ehrig and Ulrike Prange and Gabriele Taentzer},
	title     = {Fundamentals of Algebraic Graph Transformation},
	publisher = {Springer},
	year      = {2006},
	isbn      = {978-3-540-31187-4},
}

@incollection{GRUNSKE05USING,
	author   = {Lars Grunske and Leif Geiger and Albert Zündorf and Niels {Van Eetvelde} and Pieter {Van Gorp} and Dániel Varró},
	title    = {{Using Graph Transformation for Practical Model Driven Software Engineering}},
	pages    = {91-119},
	crossref = {BEYDEDA05MDSD},
}

@incollection{METZGER05SYST,
	author   = {Andreas Metzger},
	title    = {{A Systematic Look at Model Transformations}},
	pages    = {19-33},
	crossref = {BEYDEDA05MDSD},
}

@book{BEYDEDA05MDSD,
	editor    = {Sami Beydeda and Matthias Book and Volker Gruhn},
	title     = {Model-Driven Software Development – Volume II of Research and Practice in Software Engineering},
	booktitle = {Model-Driven Software Development – Volume II of Research and Practice in Software Engineering},
	publisher = {Springer},
	year      = {2005},
	isbn      = {978-3-540-25613-7},
}

@book{STACHOWIAK73MODELL,
	author    = {Herbert Stachowiak},
	title     = {Allgemeine Modelltheorie},
	booktitle = {Allgemeine Modelltheorie},
	publisher = {Springer},
	year      = {1973},
	isbn      = {978-3211811061},
}

@book{kiczales1991art,
  title={{The Art of the Metaobject Protocol}},
  author={Kiczales, G. and Des Rivieres, J. and Bobrow, D.G.},
  year={1991},
  publisher={The MIT Press}
}

@book{GAZZANIGA88MIND,
	author = {Michael S. Gazzaniga},
	title  = {Mind Matters},
	publisher = {Houghton Miffin Co., Boston},
	year = {1988},
	isbn  = {0-395-42159-4},
}

% in books %%%%%%%%%%%%%%%%%%%%%%%%%%%%%%%%%%%%%%%%%%%%%%%%%%%%%%%%%%%%%%%%%%%%%%%%%%%%%%%%%%
@inbook{DIJKSTRA74THOUGHT,
	author = {Edsger W. Dijkstra},
	booktitle = {{Selected Writings on Computing: A Personal Perspective}},
	title = {{On the Role of Scientific Thought}},
	year = {1982},
	url = {http://www.cs.utexas.edu/users/EWD/ewd04xx/EWD447.PDF},
	pages = {60-66},
	publisher = {Springer-Verlag},
	isbn = {0–387–90652–5},
}

@inbook{BREU98UML,
	author    = {Ruth Breu and Radu Grosu and Franz Huber and Bernhard Rumpe and Wolfgang Schwerin},
	title     = {{Systems, Views and Models of UML}},
	year      = {1998},
	pages     = {93-109},
	publisher = {Physica Verlag, Heidelberg},
}

@InBook{ASSMANN06ONTO,
	author = {Uwe A{\ss}mann and Steffen Zschaler and Gerd Wagner},
	editor = {Coral Calero and Francisco Ruiz and Mario Piattini},
	booktitle = {{Ontologies for Software Engineering and Technology}},
	title = {{Ontologies, Meta-Models, and the Model-Driven Paradigm}},
	publisher = {Springer},
	year = {2006},
} 

% articles %%%%%%%%%%%%%%%%%%%%%%%%%%%%%%%%%%%%%%%%%%%%%%%%%%%%%%%%%%%%%%%%%%%%%%%%%%%%%%%%%%%%%%%%%%%%%
@article{BRAVENBOER08STRATEGO,
	author = {Martin Bravenboer and Karl Trygve Kalleberg and Rob Vermaas and Eelco Visser},
	title = {{Stratego/XT 0.17. A language and toolset for program transformation}},
	journal = {Science of Computer Programming},
	volume = {72},
	number = {1-2},
	pages = {52 - 70},
	year = {2008},
	note = {Special Issue on Second issue of experimental software and toolkits (EST)},
	issn = {0167-6423},
	doi = {DOI: 10.1016/j.scico.2007.11.003},
}

@article{CORDY06TXL,
	author = {James R. Cordy},
	title = {{The TXL Source Transformation Language}},
	journal = {Science of Computer Programming},
	volume = {61},
	number = {3},
	year = {2006},
	issn = {0167-6423},
	pages = {190--210},
	doi = {http://dx.doi.org/10.1016/j.scico.2006.04.002},
	publisher = {Elsevier North-Holland, Inc.},
	address = {Amsterdam, The Netherlands, The Netherlands},
}

@article{BALDONI06POWERJAVA,
	author    = {Matteo Baldoni and Guido Boella and Leendert {van der Torre}},
	title     = {{Roles as a Coordination Construct: Introducing powerJava}},
	journal   = {Electronic Notes in Theoretical Computer Science},
	volume    = {150},
	number    = {1},
	year      = {2006},
	issn      = {1571-0661},
	pages     = {9--29},
	doi       = {http://dx.doi.org/10.1016/j.entcs.2005.12.021},
	publisher = {Elsevier Science Publishers B. V.},
	address   = {Amsterdam, The Netherlands},
}

@article{SCHREFL04ROLES,
	author    = {Michael Schrefl and Thomas Thalhammer},
	title     = {{Using roles in Java}},
	journal   = {Software—Practice \& Experience},
	volume    = {34},
	number    = {5},
	year      = {2004},
	issn      = {0038-0644},
	pages     = {449--464},
	doi       = {http://dx.doi.org/10.1002/spe.v34:5},
	publisher = {John Wiley \& Sons, Inc.},
	address   = {New York, NY, USA},
}

@article{CHEN76ERM,
	author  = {Peter Pin-shan Chen},
    title   = {{The Entity-Relationship Model: Toward a Unified View of Data}},
    journal = {ACM Transactions on Database Systems},
    year    = {1976},
    volume  = {1},
    pages   = {9--36}
}

@article{KNUTH68SEMANTICS,
    author = {Donald E. Knuth},
    title = {{Semantics of context-free languages}},
    journal = {Theory of Computing Systems},
    day = {1},
    doi = {10.1007/BF01692511},
    issn = {0025-5661},
    month = {June},
    number = {2},
    pages = {127--145},
    volume = {2},
    year = {1968}
}

@article{WIRTH77EBNF,
  author = 	 {Niklaus Wirth},
  title = 	 {{What can we do about the unnecessary diversity of notation for syntactic definitions?}},
  journal =  {Communications of the ACM},
  year = 	 {1977},
  volume = 	 {20},
  number = 	 {11},
  pages = 	 {822 - 823},
}

@article{PELLET,
	author = {Evren Sirin and Bijan Parsia and Bernardo Cuenca Grau and Aditya Kalyanpur and Yarden Katz},
	title = {{Pellet: A practical OWL-DL reasoner}},
	journal = {Web Semantics: Science, Services and Agents on the World Wide Web},
	volume = "5",
	number = "2",
	pages = "51 - 53",
	year = "2007",
	issn = "1570-8268",
	doi = "DOI: 10.1016/j.websem.2007.03.004",
}

@article{STEIMANN00ON,
	author = {Friedrich Steimann},
	title = {{On the representation of roles in object-oriented and conceptual modelling}},
	journal = {Data Knowledge Engineering},
	volume = {35},
	number = {1},
	year = {2000},
	issn = {0169-023X},
	pages = {83--106},
	doi = {http://dx.doi.org/10.1016/S0169-023X(00)00023-9},
	publisher = {Elsevier Science Publishers B. V.},
	address = {Amsterdam, The Netherlands},
}

@article{BURMESTER04TOOL,
	author = {Sven Burmester and Holger Giese and J{\"o}rg Niere AND Matthias Tichy and J{\"o}rg P. Wadsack and Robert Wagner and Lothar Wendehals and Albert Z{\"u}ndorf},
	title  = {{Tool Integration at the Meta-Model Level within the FUJABA Tool Suite}},
	journal = {International Journal on Software Tools for Technology Transfer (STTT)},
	year = {2004},
	volume = {6},
	number = {3},
	pages = {203-218},
	month = {August},
}

@article{SOMOGYI96MERCURY,
	title     = {{The execution algorithm of Mercury: an efficient purely declarative logic programming language}},
	author    = {Zoltan Somogyi and Fergus Henderson and Thomas Conway},
	journal   = {Journal of Logic Programming},
	volume    = {29}, 
	number    = {1-3}, 
	year      = {1996}, 
	pages     = {17-64},
} 

@article{ASSMANN00GRAPH,
	author    = {Uwe A{\ss}mann},
	title     = {{Graph Rewrite Systems for Program Optimization}},
	journal   = {ACM Transactions on Programming Languages and Systems},
	volume    = {22},
	number    = {4},
	year      = {2000},
	pages     = {583-637},
	ee        = {http://doi.acm.org/10.1145/363911.363914},
}

@article{IBRAHIM05INT,
	author    = {Suhaimi Ibrahim and Norbik Bashah Idris and Malcolm Munro and Aziz Deraman},
	title     = {{Integrating Software Traceability for Change Impact Analysis}},
	journal   = {International Arab Journal of Information Technology},
	volume    = {2},
	number    = {4},
	year      = {2005},
	pages     = {301-308},
	ee        = {http://www.iajit.org/ABSTRACTS-6.htm\#06},
}

@article{RAMESH01TOWARD,
	author = {Balasubramaniam Ramesh and Matthias Jarke},
	title = {{Toward Reference Models for Requirements Traceability}},
	journal = {IEEE Transactions on Software Engineering},
	number = {1},
	pages = {58-93},
	volume = {27},
	year = {2001},
	timestamp = {2008.07.30},
}

@article{RAMESH97REQU,
	author = {Balasubramaniam Ramesh and Curtis Stubbs and Timothy Powers and Michael Edwards},
	title = {{Requirements traceability: Theory and practice}},
	journal = {Annuals of Software Engineering},
	number = {1},
	pages = {397-415},
	volume = {3},
	year = {1997},
}

@article{ROYCE70WATERFALL,
	title = {{Managing the Development of Large Software Systems}},
	author = {Walker W. Royce},
	journal = {Proc. IEEE WESTCON, Los Angeles},
	pages = {1--9},
	year = 1970,
	month = {August},
}

@article{SEIDWITZ03WHAT,
	author = {Ed Seidewitz},
	title = {{What Models Mean}},
	journal = {IEEE Software},
	volume = {20},
	number = {5},
	year = {2003},
	issn = {0740-7459},
	pages = {26--32},
	doi = {http://dx.doi.org/10.1109/MS.2003.1231147},
	publisher = {IEEE Computer Society Press},
	address = {Los Alamitos, CA, USA},
}

@article{LEE02ENHANCE,
	author    = {Joon-Sang Lee and Doo-Hwan Bae},
	title     = {{An enhanced role model for alleviating the role-binding anomaly}},
	journal   = {Software, Practice and Experience},
	volume    = {32},
	number    = {14},
	year      = {2002},
	pages     = {1317-1344},
	ee        = {http://dx.doi.org/10.1002/spe.483},
}

@article{KRISTENSEN96ROLES,
	author    = {Bent Bruun Kristensen and Kasper {\O}sterbye},
	title     = {{Roles: Conceptual Abstraction Theory and Practical Language Issues}},
	journal   = {Theory and Practice of Object Systems},
	volume    = {2},
	number    = {3},
	year      = {1996},
	pages     = {143-160},
}

@article{MOSSE02ROLES,
	author    = {Francis G. Moss{\'e}},
	title     = {{Modeling Roles - A Practical Series of Analysis Patterns}},
	journal   = {Journal of Object Technology},
	volume    = {1},
	number    = {4},
	year      = {2002},
	pages     = {27-37},
	ee        = {http://www.jot.fm/issues/issue_2002_09/column2},
}

@article{TRATT08CHANGE,
	author    = {Laurence Tratt},
	title     = {{A change propagating model transformation language}},
	journal   = {Journal of Object Technology},
	volume    = {7},
	number    = {3},
	year      = {2008},
	pages     = {107-124},
	ee        = {http://www.jot.fm/issues/issue_2008_03/article3.pdf},
}

@article{ANGYAL08NOVEL,
	author    = {L{\'a}szl{\'o} Angyal and Hassan Charaf},
	title     = {{Novel Techniques for Model-Code Synchronization}},
	journal   = {Electronic Communications of the EASST},
	volume    = {8},
	year      = {2008},
}

@article{LUDEWIG03MODELS,
	author    = {Jochen Ludewig},
	title     = {{Models in software engineering - an introduction}},
	journal   = {Software and Systems Modeling},
	volume    = {2},
	number    = {1},
	year      = {2003},
}

@article{BOEHLEN02UPGRADE,
	author    = {Boris Böhlen and Dirk Jäger and Ansgar Schleicher and Bernhard Westfechtel},
	title     = {{UPGRADE: A Framework for Building Graph-Based Interactive Tools}},
	journal   = {Electronic Notes in Theoretical Computer Science},
	volume    = {72},
	number    = {2},
	year      = {2002},
	ee        = {http://www.elsevier.com/gej-ng/31/29/23/127/46/show/Products/notes/index.htt\#016},
}

@article{TAENTZER01TOWARDS,
	author  = {Gabriele Taentzer},
	title   = {{Towards Common Exchange Formats for Graphs and Graph Transformation Systems}},
	journal = {Electronic Notes in Theoretical Computer Science}, 
	volume  = {44},
	number  = {4},
	year    = {2001},
}

@article{HABEL96NACS,
	author		= {Annegret Habel and Reiko Heckel and Gabriele Taentzer},
	title		= {{Graph Grammars with Negative Application Conditions}},
	journal		= {Special issue of Fundamenta Informaticae},
	month		= {April},
	number		= {3},
	volume		= {26},
	pages		= {287-313},
	year		= {1996}
}

@article{REKERS97DEFINING,
	author  = {Jan Rekers and Andy Sch{\"u}rr},
	title   = {Defining and {P}arsing {V}isual {L}anguages with {L}ayered {G}raph {G}rammars},
	journal = {Journal of Visual Languages and Computing},
	volume  = {8},
	number  = {1},
	pages   = {27-55},
	year    = {1997},
	url     = {citeseer.ist.psu.edu/rekers97defining.html}
}

@article{BLOSTEIN99COMP,
	author    = {Dorothea Blostein and Andy Schürr},
	title     = {{Computing with Graphs and Graph Rewriting}},
	year      = {1999},
	journal   = {Software - Practice and Experience},
	volume    = {29},
	number    = {3},
	publisher = {IEEE Computer Society Press},
	address   = {Los Alamitos},
	pages     = {1-21}
}

@article{KEONIGS06TOOL,
	author    = {Alexander Königs and Andy Schürr},
	title     = {{Tool Integration with Triple Graph Grammars - A Survey.}},
	year      = {2006},
	
	journal   = {Electronic Notes in Theoretical Computer Science},
	volume    = {148},
	number    = {1},
	pages     = {113-150},
	ee        = {http://dx.doi.org/10.1016/j.entcs.2005.12.015},
}


@article{CZARNECKI06FBS,
	title = {Feature-based survey of model transformation approaches},
	author = {Czarnecki, K.  and Helsen, S. },
	year = {2006},

	address = {Riverton, NJ, USA},
	citeulike-article-id = {1169429},
	doi = {10.1109/2.585163},
	issn = {0018-8670},
	journal = {IBM Systems Journal},
	keywords = {transformation},
	month = {July},
	number = {3},
	pages = {621--645},
	priority = {2},
	publisher = {IBM Corp.},
	url = {http://dx.doi.org/10.1109/2.585163},
	volume = {45},
}

@article{DREWES02HIERARCHICAL,
	author  = {Frank Drewes and Berthold Hoffmann and Detlef Plump},
	title   = {{Hierarchical Graph Transformation}},
	journal = {Journal of Computer and System Sciences},
	volume  = {64},
	pages   = {249--283},
	year    = {2002},
	url     = {citeseer.ist.psu.edu/drewes02hierarchical.html}
}

@article{FINKELSETIN92VIEWPOINTS,
	author    = {A. Finkelstein and J. Kramer and B. Nuseibeh and L. Finkelstein and M. Goedicke},
	title     = {{Viewpoints: A Framework for Integrating Multiple Perspectives in System Development}},
	journal   = {International Journal of Software Engineering and Knowledge Engineering},
	volume    = {2},
	number    = {1},
	pages     = {31-58},
	monoth    = {March},
	year      = {1992},
	publisher = {World Scientific Publishing Co.},
}

@article{ASSMANN03ARE,
	author    = {Uwe A{\ss}mann},
	title     = {Automatic {R}oundtrip {E}ngineering},
	journal   = {Electronic Notes Theoretical Computer Science},
	volume    = {82},
	number    = {5},
	year      = {2003},
	ee        = {http://www1.elsevier.com/gej-ng/31/29/23/133/47/show/Products/notes/index.htt\#005},
}

@article{BANCILHON81UPDATE,
	author    = {Fran\c{c}ois Bancilhon and Nicolas Spyratos},
	title     = {{Update Semantics of Relational Views}},
	journal   = {ACM Transactions on Database Systems},
	volume    = {6},
	number    = {4},
	year      = {1981},
	pages     = {557-575},
	ee        = {http://doi.acm.org/10.1145/319628.319634, db/journals/tods/BancilhonS81.html},
}

@article{HEGNER04ORDER,
	author    = {Stephen J. Hegner},
	title     = {{An Order-Based Theory of Updates for Closed Database Views}},
	journal   = {Annals of Mathematics and Artificial Intelligence},
	volume    = {40},
	number    = {1-2},
	year      = {2004},
	pages     = {63-125},
}

@article{SPINELLIS07FRAMEWORK,
	author    = {Diomidis Spinellis and Panagiotis Louridas},
	title     = {{A framework for the static verification of API calls}},
	journal   = {Journal of Systems and Software},
	volume    = {80},
	number    = {7},
	year      = {2007},
	pages     = {1156-1168},
	ee        = {http://dx.doi.org/10.1016/j.jss.2006.09.040},
}

@article{HOVEMEYER04FINDING,
	author    = {David Hovemeyer and William Pugh},
	title     = {{Finding bugs is easy}},
	journal   = {SIGPLAN Notices},
	volume    = {39},
	number    = {12},
	year      = {2004},
	pages     = {92-106},
	ee        = {http://doi.acm.org/10.1145/1052883.1052895},
}

@article{PARR95ANTLR,
	author = {Terence J. Parr and Russell W. Quong},
	title = {{ANTLR: A Predicated-LL(k) Parser Generator}},
	journal = {Software --- Practice and Experience},
	volume = {25},
	number = {7},
	pages = {789--810},
	year = {1995},
}

@article{VISSER03MODEL,
	author    = {Willem Visser and Klaus Havelund and Guillaume P. Brat and Seungjoon Park and Flavio Lerda},
	title     = {Model Checking Programs},
	journal   = {Automated Software Engineering},
	volume    = {10},
	number    = {2},
	year      = {2003},
	pages     = {203-232},
	ee        = {http://dx.doi.org/10.1023/A:1022920129859},
}

@article{HAVELUND00MODEL,
	author  = {Klaus Havelund and Thomas Pressburger},
	title   = {{Model Checking Java Programs using Java PathFinder}},
	journal = {International Journal on Software Tools for Technology Transfer},
	volume  = {2},
	number  = {4},
	month   = {March},
	year    = {2000},
	pages   = {366-381},
}

@article{HENRIKSSON07REUSE,
	author  = {Jakob Henriksson and Jendrik Johannes and Steffen Zschaler and Uwe A{\ss}mann},
	title   = {{Reuseware -- Adding Modularity to Your Language of Choice}},
	journal = {Journal of Object Technology},
	volume  = 6,
	number  = 9,
	month   = oct,
	year    = 2007,
	pages   = {127--148},
	note    = {Special issue TOOLS Europe 2007},
}

@article{JEZEQUEL97DBC,
	author = {Jean-Marc J\'{e}z\'{e}quel and Bertrand Meyer},
	title = {{Design by Contract: The Lessons of Ariane}},
	journal = {IEEE Computer},
	volume = {30},
	number = {1},
	year = {1997},
	issn = {0018-9162},
	pages = {129--130},
	doi = {http://dx.doi.org/10.1109/2.562936},
	publisher = {IEEE Computer Society Press},
	address = {Los Alamitos, CA, USA},
}

@article{EVANS02IMPROVING,
	author  = {David Evans and David Larochelle},
	title   = {{Improving Security Using Extensible Lightweight Static Analysis}},
	journal = {IEEE Software},
	volume  = {19},
	number  = {1},
	pages   = {42--51},
	year    = {2002},
}

% thesis' %%%%%%%%%%%%%%%%%%%%%%%%%%%%%%%%%%%%%%%%%%%%%%%%%%%%%%%%%%%%%%%%%%%%%%%%%%%%%%%%%%%%%%%%%%%
@PhDThesis{ANDERSEN97PHD,
	author = {Egil P. Andersen},
	title  = {{Conceptual Modeling of Objects: A Role Modeling Approach}},
	school = {University of Oslo, Oslo, Norway},
	year   = {1997}
}

@PhDThesis{GUIZZARDI05PHD,
	number = {CTIT Ph.D.-thesis series No. 05-74},
	howpublished = {http://eprints.eemcs.utwente.nl/7146/},
	month = {October},
	author = {Giancarlo Guizzardi},
	address = {Enschede},
	title = {{Ontological Foundations for Structural Conceptual Models}},
	school = {University of Twente, Enschede, The Netherlands},
	publisher = {Centre for Telematics and Information Technology, University of Twente},
	year = {2005},
	issn = {1381-3617},
	isbn = {90-75176-81-3}
}

% TODO figure out whether this is the correct title
@PhDThesis{CHRISTOPH03PHD,
	author = {Alexander Christoph},
	title  = {Model Driven Design},
	year   = {2003},
	school = {IPD Tichy, University of Karlsruhe, Germany}
}

@PhDThesis{GORP08PHD,
	author = {Pieter {Van Gorp}},
	title  = {Model-driven Development of Model Transformations},
	year   = {2008},
	school = {University of Antwerp, Belgium}
}

@PhDThesis{SCHUERR91OP,
	author    = {Andy Schürr},
	title     = {{Operationales Spezifizieren mit programmierten Graphersetzungssystemen}},
	year      = {1991},
	
	school    = {RWTH Aachen},
	publisher = {Deutscher Universitätsverlag},
	address   = {Wiesbaden},
}

@Mastersthesis{LARSSON02AMVCE,
	author = {Kalle Burbeck and Henrik Larsson},
	title  = {Automatic {M}odel {V}iew {C}ontroller {E}ngineering},
	year   = {2002},
	school = {Linköping University}
}

@mastersthesis{YALDIZ04RE,
	author = {Sunay Yaldiz},
	title  = {{Roundtrip Engineering for Classes: Mapping between UML Diagram and Java Structures based on Poseidon for UML and the Eclipse Platform}},
	school = {TU Hamburg-Harburg},
	month  = {nov},
	year   = {2004},
	type   = {Diplomarbeit},
}

@Mastersthesis{HELMOLT99AUTO,
	author = {Arnim von Helmolt},
	title  = {{Automatische Generierung von Update-Masken aus Datenbanksichten}},
	year   = {1999},
	school = {Universität Hannover},
	type   = {Diplomarbeit},
}

% technical reports %%%%%%%%%%%%%%%%%%%%%%%%%%%%%%%%%%%%%%%%%%%%%%%%%%%%%%%%%%%%%%%%%%%%%%%%%%%%%%%%%%%
@techreport{TGG_REPORT,
	author = {Ekkart Kindler and Robert Wagner},
	title =  {{Triple Graph Grammars: Concepts, Extensions, Implementations, and Application Scenarios}},
	institution = {University of Paderborn, D-33098 Paderborn, Germany},
	number = {tr-ri-07-284},
	month = {June},
	year = {2007}, 
}

@techreport{SPARQL,
	title  = {{SPARQL Query Language for RDF}},
	author = {{W3C}},
	editor = {Eric Prud'hommeaux and Andy Seaborne},
	day    = {15},
	month  = {January},
	year   = {2008},
}

@techreport{SWRL,
	title  = {{SWRL: A Semantic Web Rule Language Combining OWL and RuleML - W3C Member Submission}},
	author = {{W3C}},
	editor = {Ian Horrocks and Peter F. Patel-Schneider and Harold Boley and Said Tabet and Benjamin Grosof and Mike Dean},
	day    = {21},
	month  = {May},
	year   = {2004},
}

@techreport{TRATT06CHANGE,
	author = {Laurence Tratt},
	title = {{A change propagating model transformation language}},
	institution = {Department of Computer Science,, King’s College London},
	number = {TR-06-07},
	month = {August},
	day = {13},
	year = {2006}
}

@techreport{KERN10OSLO,
	author = {Stanley Hillner and Heiko Kern},
	institution = {Leipzig University},
	title = {Bridging Microsoft Oslo and Eclipse EMF},
  	url = {http://bis.informatik.uni-leipzig.de/HeikoKern/files?get=bridging_oslo_emf.pdf},
  	year = 2010,
	month = {April}
}

@techreport{JMI_SPEC,
	title = {{Java Metadata Interface(JMI) Specification, version 1.0}},
	author = {Ravi Dirckze},
	institution = {Sun Microsystems},
	year = {2002},
	month = {June},
}

@techreport{ULRICH08MEMO,
	author = {Ulrich Frank},
	title = {{The MEMO Meta Modelling Language (MML) and Language Architecture}},
	year = {2008},
	institution = {Institut für Informatik und Wirtschaftsinformatik (ICB), Universit{"a}t Duisburg-Essen},
	number = {24},
	type = {ICB-Research Report},
	url = {http://www.icb.uni-due.de/fileadmin/ICB/research/research_reports/ICB-Report_No24.pdf},
}

@techreport{HAREL00MODELING,
	author       = {David Harel and Bernhard Rumpe},
	title        = {{Modeling Languages: Syntax, Semantics, and All That Stuff – Part I: The Basic Stuff}},
	year         = {2000},
	institution  = {The Weizmann Institute of Science, Rehovot, Israel},
	number       = {MCS00-16},
	howpublished = {http://www4.in.tum.de/~rumpe/ps/Modeling-Languages.pdf},
}

@techreport{HENRIKSSON03DEF,
	author      = {Anders Henriksson and Hernik Larsson}, 
	title       = {{A Definition of Round-Trip Engineering}},
	institution = {University of Linköping, Sweden},
	year        = {2003},
}

@techreport{BREUER98DECOMPGEN,
	author      = {P. T. Breuer and J. P. Bowen},
	title       = {{Generating Decompilers}},
	year        = {1998},

	number      = {RUCS/1998/TR/010/A},
	institution = {The University of Reading, Department of Computer Science},
	month       = {October},
	url         = {citeseer.ist.psu.edu/article/breuer98generating.html} 
}

@techreport{AGRAWAL03GRAPH,
	author      = {Aditya Agrawal and Gabor Karsai and Feng Shi},
	title       = {{Graph Transformations on Domain-Specific Models}},
	year        = {2003},
	institution = {Institute for Software Integrated Systems, Vanderbilt University},
	month       = {November},
	number      = {ISIS-03-403},
}

@TechReport{BAEMER98VALUES,
	author      = {Dirk Bäumer and Dirk Riehle and Wolf Siberski and Carola Lilienthal and Daniel Megert and Karl-Heinz Sylla and Heinz Züllighoven},
	title       = {{Values in Object Systems. Ubilab Technical Report 98.10.1. Zurich}},
	year        = {1998},
	institution = {Switzerland: UBS AG}
}

@techreport{MARSCHALL03MDABOTL,
	author      = {Frank Marschall and Peter Braun},
	title       = {{Model Transformations for the MDA with BOTL}},
	institution = {Univeristy of Twente},
	year        = {2003}
}

@techreport{BRAUN03BOTL,
	author      = {Peter Braun and Frank Marschall},
	title       = {{BOTL - The Bidirectional Objekt Oriented Transformation Language}},
	institution = {Technische Universit{\"a}t M{\"u}nchen},
	year        = {2003},
	number      = {TUM-I0307}
}

@techreport{UML2SUPERSTRUCTURE,
	title       = {{Unified Modeling Language (UML), Superstructure, Version 2.3}},
	author      = {{The Object Management Group}},
	year        = {2010},
	month       = {May}
}

@techreport{UML2INFRASTRUCTURE,
	title       = {{Unified Modeling Language (UML), Infrastructure, Version 2.3}},
	author      = {{The Object Management Group}},
	year        = {2010},
	month       = {May}
}

@techreport{OCL2SPEC,
	title  = {{OCL 2.0 Specification}},
	author = {{The Object Management Group}},
	year   = {2006},
	month  = {May},
}

@techreport{QVTSPEC,
	title  = {{Meta Object Facility (MOF) 2.0 Query/View/Transformation Specification Version 1.1}},
	author = {{The Object Management Group}},
	year   = {2009},
	month  = {December},
}

@techreport{CWM_SPEC,
	title  = {{Common Warehouse Metamodel (CWM) Specification, v1.1}},
	author = {{The Object Management Group}},
	year   = {2003},
	month  = {March},
}

@techreport{XMI_SPEC,
	title  = {{Meta Object Facility(MOF) 2.0 XMI Mapping Specification, v2.1.1}},
	author = {{The Object Management Group}},
	year   = {2007},
	month  = {December},
}

@techreport{MDA_SPEC,
	title  = {{MDA Guide Version 1.0.1}},
	author = {{Joaquin Miller and Jishnu Mukerji}},
	institution = {{The Object Management Group}},
	year   = {2003},
	month  = {June},
}

@techreport{MOF_SPEC,
	title  = {{Meta Object Facility (MOF) Core Specification, version 2.0}},
	author = {{The Object Management Group}},
	year   = {2006},
	month  = {January},
}

@techreport{SysML_SPEC,
	title  = {{OMG Systems Modeling Language, version 1.1}},
	author = {{The Object Management Group}},
	year   = {2008},
	month  = {November},
}

@techreport{CORBA_SPEC_PART1,
	title  = {{Common Object Request Broker Architecture (CORBA) Specification, Version 3.1, Part 1: CORBA Interfaces}},
	author = {{The Object Management Group}},
	year   = {2008},
	month  = {January},
}

@techreport{CORBA_SPEC_PART2,
	title  = {{Common Object Request Broker Architecture (CORBA) Specification, Version 3.1, Part 2: CORBA Interoperability}},
	author = {{The Object Management Group}},
	year   = {2008},
	month  = {January},
}

@techreport{OWL2SPEC,
	title  = {{OWL 2 Web Ontology Language: Structural Specification and Functional-Style Syntax}},
	author = {{W3C}},
	editor = {Boris Motik and Peter F. {Patel-Schneider} and Bijan Parsia},
	day    = {27},
	month  = {October},
	year   = {2009},
}
% W3C Recommendation, 
%http://www.w3.org/TR/2009/REC-owl2-syntax-20091027/. Latest version available at http://www.w3.org/TR/owl2-syntax/.

@techreport{XSLT_SPEC,
	title  = {{XSL Transformations (XSLT) Version 1.0}},
	author = {{W3C}},
	editor = {James Clark},
	day    = {16},
	month  = {November},
	year   = {1999},
}

@techreport{XML_SPEC,
	title  = {{Extensible Markup Language (XML) 1.0 (Fifth Edition)}},
	author = {{W3C}},
	editor = {Tim Bray and Jean Paoli and C. M. Sperberg-McQueen and Eve Maler and Fran\c{c}ois Yergeau},
	day    = {28},
	month  = {November},
	year   = {2008},
}

@techreport{XML_SCHEMA_DATATYPE_SPEC,
	title  = {{XML Schema Part 2: Datatypes Second Edition}},
	author = {{W3C}},
	editor = {Paul V. Biron, Kaiser Permanent, Ashok Malhotra},
	day    = {28},
	month  = {October},
	year   = {2004},
}

@techreport{RDF_SPEC,
	title = {{Resource Description Framework (RDF): Concepts and Abstract Syntax}},
	author = {{W3C}},
	editor = {Graham Klyne and Jeremy J. Carroll},
	day = {10},
	month = {February},
	year = {2004},
}

@techreport{WSDL_SPEC,
	title = {{Web Services Description Language (WSDL) 1.1}},
	author = {{W3C}},
	editor = {Erik Christensen, Francisco Curbera, Greg Meredith, Sanjiva Weerawarana},
	day = {15},
	month = {March},
	year = {2001},
}

@techreport{EBNF_SPEC,
	title = {{International Standard ISO/IEC 14977 - Syntactic metalanguage - Extended BNF}},
	author = {{ISO/IEC}},
	year = {1996},
}

% proceedings %%%%%%%%%%%%%%%%%%%%%%%%%%%%%%%%%%%%%%%%%%%%%%%%%%%%%%%%%%%%%%%%%%%%%%%%%%%%%%%%%%%%%%%%%%%%%%%%%%%%%%%%%%%
@proceedings{GPCE2002,
	editor    = {Don S. Batory and Charles Consel and Walid Taha},
	title     = {Generative Programming and Component Engineering, ACM SIGPLAN/SIGSOFT Conference, GPCE 2002, Pittsburgh, PA, USA, October 6-8, 2002, Proceedings},
	booktitle = {GPCE},
	publisher = {Springer},
	series    = {Lecture Notes in Computer Science},
	volume    = {2487},
	year      = {2002},
	isbn      = {3-540-44284-7},
}

@proceedings{ICSE99,
	editor = {Barry Boehm and David Garlan and Jeff Kramer},
	title = {ICSE' 99. Proceedings of the 1999 International Conference on Software Engineering, May 16-22, 1999, Los Angeles, CA, USA},
	publisher = {ACM},
	year = {1999}
} 

@proceedings{ICSE2005,
	editor    = {Gruia-Catalin Roman and William G. Griswold and Bashar Nuseibeh},
	title     = {27th International Conference on Software Engineering (ICSE 2005), 15-21 May 2005, St. Louis, Missouri, USA},
	booktitle = {ICSE},
	publisher = {ACM},
	year      = {2005},
}

@proceedings{ICSE2007,
	title     = {29th International Conference on Software Engineering (ICSE 2007), Minneapolis, MN, USA, May 20-26, 2007},
	booktitle = {ICSE},
	publisher = {IEEE Computer Society},
	year      = {2007},
}

@proceedings{MDI2010,
	editor    = {Jean B{\'e}zivin and Richard Mark Soley and Antonio Vallecillo},
	title     = {Proceedings of the First International Workshop on Model-Driven Interoperability (MDI 2010)},
	booktitle = {MDI 2010},
	year      = {2010},
	publisher = {ACM},
	address = {New York, NY, USA},
}

@proceedings{ICGT2004,
  editor    = {Hartmut Ehrig and Gregor Engels and Francesco Parisi-Presicce and Grzegorz Rozenberg},
  title     = {Graph Transformations, Second International Conference, ICGT 2004, Rome, Italy, September 28 - October 2, 2004, Proceedings},
  booktitle = {ICGT},
  publisher = {Springer},
  series    = {Lecture Notes in Computer Science},
  volume    = {3256},
  year      = {2004},
  isbn      = {3-540-23207-9},
}

@proceedings{TWOMDE2010,
	editor    = {Fernando Silva Parreiras and Jeff Z. Pan and Uwe Assmann},
	title     = {Third Workshop on Transforming and Weaving OWL Ontologies in MDE/MDA (TWOMDE 2010)},
	booktitle = {TWOMDE 2010},
	year      = {2010},
}

@proceedings{MODELS2007w,
	editor    = {Holger Giese},
	title     = {Models in Software Engineering, Workshops and Symposia at MoDELS 2007, Nashville, TN, USA, September 30 - October 5, 2007, Reports and Revised Selected Papers},
	booktitle = {MoDELS Workshops},
	publisher = {Springer},
	series    = {Lecture Notes in Computer Science},
	volume    = {5002},
	year      = {2008},
	isbn      = {978-3-540-69069-6},
}

@proceedings{MODELS2009,
  editor    = {Andy Sch{\"u}rr and Bran Selic},
  title     = {{Model Driven Engineering Languages and Systems, 12th International Conference, MODELS 2009, Denver, CO, USA, October 4-9, 2009. Proceedings}},
  booktitle = {MoDELS},
  publisher = {Springer},
  series    = {LNCS},
  volume    = {5795},
  year      = {2009},
  isbn      = {978-3-642-04424-3},
  ee        = {http://dx.doi.org/10.1007/978-3-642-04425-0},
}

@proceedings{MODELS2010-1,
  editor    = {Dorina C. Petriu and Nicolas Rouquette and {\O}ystein Haugen},
  title     = {{Model Driven Engineering Languages and Systems - 13th International Conference, MODELS 2010, Oslo, Norway, October 3-8, 2010, Proceedings, Part I}},
  booktitle = {MoDELS (1)},
  publisher = {Springer},
  series    = {Lecture Notes in Computer Science},
  volume    = {6394},
  year      = {2010},
  isbn      = {978-3-642-16144-5},
  ee        = {http://dx.doi.org/10.1007/978-3-642-16145-2},
}

@proceedings{MODELS2010-2,
  editor    = {Dorina C. Petriu and Nicolas Rouquette and {\O}ystein Haugen},
  title     = {{Model Driven Engineering Languages and Systems - 13th International Conference, MODELS 2010, Oslo, Norway, October 3-8, 2010, Proceedings, Part II}},
  booktitle = {MoDELS (2)},
  publisher = {Springer},
  series    = {Lecture Notes in Computer Science},
  volume    = {6395},
  year      = {2010},
  isbn      = {978-3-642-16128-5},
  ee        = {http://dx.doi.org/10.1007/978-3-642-16129-2},
}

@proceedings{MODELLIERUNG2004,
	editor    = {Bernhard Rumpe and Wolfgang Hesse},
	title     = {Modellierung 2004, Proceedings zur Tagung, 23.-26. M{\"a}rz 2004, Marburg, Proceedings},
	booktitle = {Modellierung},
	publisher = {GI},
	series    = {LNI},
	volume    = {45},
	year      = {2004},
}

@proceedings{REM2009,
	editor    = {Leon Moonen and Tarja Syst\"{a}},
	title     = {Proceedings of the International Workshop on Reverse Engineering Models from Software Artifacts, R.E.M. 2008, Satellite event of the 16th Working Conference on Reverse Engineering (WCRE), October 15, 2009, Lille, France},
	booktitle = {R.E.M. 2009},
}

@proceedings{CIBSE2009,
	editor    = {Antonio Brogi and Jo{\~a}o Ara{\'u}jo and Raquel Anaya},
	title     = {Memorias de la XII Conferencia Iberoamericana de Software Engineering (CIbSE 2009), Medell\'{\i}n, Colombia, Abril 13-17, 2009},
	booktitle = {CIbSE},
	year      = {2009},
}

@proceedings{SIGMOD89,
	editor    = {James Clifford and Bruce G. Lindsay and David Maier},
	title     = {Proceedings of the 1989 ACM SIGMOD International Conference on Management of Data, Portland, Oregon, May 31 - June 2, 1989},
	publisher = {ACM Press},
	year      = {1989},
}

@proceedings{SLE2009,
  title     = {Software Language Engineering, Second International Conference, SLE 2009, Denver, CO, USA, October 5-6, 2009 Revised Selected Papers},
  year      = {2010},
  location  = {Denver, Colorado, USA},
  editor    = {Mark van den Brand and Dragan Ga\v{s}evic and Jeff Gray},
  series    = {Lecture Notes in Computer Science},
  publisher = {Springer},
  volume    = {5969},
  isbn      = {978-3-642-12106-7},
}

@proceedings{SERA2008,
	editor    = {Walter Dosch and Roger Y. Lee and Petr Tuma and Thierry Coupaye},
	title     = {{Proceedings of the 6th ACIS International Conference on Software Engineering Research, Management and Applications, SERA 2008, 20-22 August 2008, Prague, Czech Republic}},
	booktitle = {SERA},
	publisher = {IEEE Computer Society},
	year      = {2008},
	isbn      = {978-0-7695-3302-5},
}

@proceedings{FMOODS2006,
	editor = {Roberto Gorrieri and Heike Wehrheim},
	title  = {{Formal Methods for Open Object-Based Distributed Systems, 8th IFIP WG 6.1 International Conference, FMOODS 2006, Bologna, Italy, June 14-16, 2006, Proceedings}},
	publisher = {Springer},
	series    = {Lecture Notes in Computer Science},
	volume    = {4037},
	year = {2006},
	isbn = {978-3-540-34893-1},
}

@proceedings{POPL2008,
	editor    = {George C. Necula and Philip Wadler},
	title     = {{Proceedings of the 35th ACM SIGPLAN-SIGACT Symposium on Principles of Programming Languages, POPL 2008, San Francisco, California, USA, January 7-12, 2008}},
	booktitle = {POPL},
	publisher = {ACM},
	year      = {2008},
	isbn      = {978-1-59593-689-9},
}

@proceedings{POPL2005,
	editor    = {Jens Palsberg and Mart\'{\i}n Abadi},
	title     = {{Proceedings of the 32nd ACM SIGPLAN-SIGACT Symposium on Principles of Programming Languages, POPL 2005, Long Beach, California, USA, January 12-14, 2005}},
	booktitle = {POPL},
	publisher = {ACM},
	year      = {2005},
	isbn      = {1-58113-830-X},
}

@proceedings{MODELS2005SE,
	editor    = {Jean-Michel Bruel},
	title     = {Satellite Events at the MoDELS 2005 Conference, MoDELS 2005 International Workshops, Doctoral Symposium, Educators Symposium, Montego Bay, Jamaica, October 2-7, 2005, Revised Selected Papers},
	booktitle = {MoDELS Satellite Events},
	publisher = {Springer},
	series    = {Lecture Notes in Computer Science},
	volume    = {3844},
	year      = {2006},
	isbn      = {3-540-31780-5},
}

@proceedings{ICMT2008,
	editor    = {Antonio Vallecillo and Jeff Gray and Alfonso Pierantonio},
	title     = {Theory and Practice of Model Transformations, First International Conference, ICMT 2008, Z{\"u}rich, Switzerland, July 1-2, 2008, Proceedings},
	booktitle = {ICMT},
	volume    = {5063},
	series    = {Lecture Notes in Computer Science},
	publisher = {Springer-Verlag}, 
	year      = {2008},
}

@proceedings{ICGT2008,
	editor    = {Hartmut Ehrig and Reiko Heckel and Grzegorz Rozenberg and Gabriele Taentzer},
	title     = {{Graph Transformations, 4th International Conference, ICGT
	2008, Leicester, United Kingdom, September 7-13, 2008. Proceedings}},
	booktitle = {ICGT},
	publisher = {Springer},
	series    = {Lecture Notes in Computer Science},
	volume    = {5214},
	year      = {2008},
	isbn      = {978-3-540-87404-1},
}

@proceedings{OCL2008,
	editor    = {Jordi Cabot and Pieter {Van Gorp}},
	title     = {Proceedings of the Workshop OCL Tools: From Implementation to Evaluation and Comparison, OCL 2008, Satellite event of the 11th International Conference on Model Driven Engineering Languages and Systems (MoDELS 2008), September 28 - October 3, 2008, Toulouse, France},
	booktitle = {OCL'08},
}

@proceedings{OOIS2002WORKSHOPS,
	editor    = {Jean-Michel Bruel and Zohra Bellahsene},
	title     = {{Advances in Object-Oriented Information Systems, OOIS 2002 Workshops, Montpellier, France, September 2, 2002, Proceedings}},
	booktitle = {OOIS Workshops},
	publisher = {Springer},
	series    = {Lecture Notes in Computer Science},
	volume    = {2426},
	year      = {2002},
	isbn      = {3-540-44088-7},
}

@proceedings{MODELS2008,
	editor    = {Krzysztof Czarnecki and Ileana Ober and Jean-Michel Bruel and Axel Uhl and Markus V{\"o}lter},
	title     = {Model Driven Engineering Languages and Systems, 11th International	Conference, MoDELS 2008, Toulouse, France, September 28 - October 3, 2008. Proceedings},
	booktitle = {MoDELS},
	publisher = {Springer},
	series    = {Lecture Notes in Computer Science},
	volume    = {5301},
	year      = {2008},
	isbn      = {978-3-540-87874-2},
}

@proceedings{OOPSLA2005COMP,
	editor    = {Ralph E. Johnson and Richard P. Gabriel},
	title     = {{Companion to the 20th Annual ACM SIGPLAN Conference on Object-Oriented Programming, Systems, Languages, and Applications, OOPSLA 2005, October 16-20, 2005, San Diego, CA, USA}},
	booktitle = {OOPSLA Companion},
	publisher = {ACM},
	year      = {2005},
	isbn      = {1-59593-193-7},
}

@proceedings{OOPSLA87,
	editor = {Norman K. Meyrowitz},
	title  = {Conference on Object-Oriented Programming Systems, Languages, and Applications (OOPSLA'87), October 4-8, 1987, Orlando, Florida, USA, Proceedings. SIGPLAN Notices 22(12)},
	month = {December}, 
	year = {1987},
} 

@proceedings{HOPL2007,
	editor    = {Barbara G. Ryder and Brent Hailpern},
	title     = {{Proceedings of the Third ACM SIGPLAN History of Programming Languages Conference (HOPL-III), San Diego, California, USA, 9-10 June 2007}},
	booktitle = {{HOPL}},
	publisher = {ACM},
	year      = {2007},
}

@proceedings{FUJABADAYS2004,
	editor     = {Andy Schürr and Albert Zündorf},
	title      = {{Proceedings of the 2nd International Fujaba Days 2004, Darmstadt, Germany}},
	booktitle  = {{Proceedings of the 2nd International Fujaba Days 2004, Darmstadt, Germany}},
	month      = {September},
	year       = {2004},
}

@proceedings{FUJABADAYS2005,
	editor     = {Holger Giese and Albert Zündorf},
	title      = {{Proceedings of the 3rd International Fujaba Days 2005, Paderborn, Germany}},
	booktitle  = {{Proceedings of the 3rd International Fujaba Days 2005, Paderborn, Germany}},
	month      = {September},
	year       = {2005},
}

@proceedings{FUJABADAYS2006,
	editor    = {Holger Giese and Bernhard Westfechtel},
	title     = {Proceedings of 4th International Fujaba Days, 28-30 Sep 2006, Bayreuth, Germany},
	booktitle = {Fujaba Days 2006},
	year      = {2006},
}

@proceedings{FUJABADAYS2008,
	editor    = {Uwe Aßmann and Jendrik Johannes and Albert Zündorf},
	title     = {Proceedings of 6th International Fujaba Days, 18-19 Sep 2008, Dresden, Germany},
	booktitle = {Fujaba Days 2008},
	year      = {2008},
}

@proceedings{FUJABADAYS2009,
	editor    = {Pieter {van Gorp}},
	title     = {Proceedings of 7th International Fujaba Days, 16-17 Nov 2009, Eindhoven, The Netherlands},
	booktitle = {Fujaba Days 2009},
	year      = {2009},
}

@proceedings{WG1994,
	editor    = {Ernst W. Mayr and Gunther Schmidt and Gottfried Tinhofer},
	title     = {{Graph-Theoretic Concepts in Computer Science, 20th International Workshop, WG '94, Herrsching, Germany, June 16-18, 1994, Proceedings}},
	booktitle = {{Proceedings of 20th International Workshop on Graph-Theoretic Concepts in Computer Science, Herrsching, Germany}},
	publisher = {Springer},
	series    = {Lecture Notes in Computer Science},
	volume    = {903},
	year      = {1995},
	isbn      = {3-540-59071-4},
}

@proceedings{ECBS2008,
	title     = {15th Annual IEEE International Conference and Workshop on Engineering of Computer Based Systems (ECBS 2008), 31 March - 4 April 2008, Belfast, Northern Ireland},
	booktitle = {ECBS},
	publisher = {IEEE Computer Society},
	year      = {2008},
}

@proceedings{GCSE99,
	editor    = {Krzysztof Czarnecki and Ulrich W. Eisenecker},
	title     = {Generative and Component-Based Software Engineering, First International Symposium, GCSE'99, Erfurt, Germany, September 28-30, 1999, Revised Papers},
	booktitle = {GCSE},
	publisher = {Springer},
	series    = {Lecture Notes in Computer Science},
	volume    = {1799},
	year      = {2000},
	isbn      = {3-540-41172-0},
}

@proceedings{ASE02,
	title     = {17th IEEE International Conference on Automated Software Engineering (ASE 2002), 23-27 September 2002, Edinburgh, Scotland, UK},
	booktitle = {ASE},
	publisher = {IEEE Computer Society},
	year      = {2002},
	isbn      = {0-7695-1736-6},
}

@proceedings{ICGT2002,
	editor    = {Andrea Corradini and Hartmut Ehrig and H.-J. Kreowski and Grzegorz Rozenberg},
	title     = {Graph Transformation, First International Conference, ICGT 2002, Barcelona, Spain, October 07-12, 2002, Proceedings},
	booktitle = {ICGT},
	publisher = {Springer},
	series    = {Lecture Notes in Computer Science},
	volume    = {2505},
	year      = {2002},
}

@proceedings{ICGT2006,
	editor    = {Andrea Corradini and Hartmut Ehrig and Ugo Montanari and Leila Ribeiro and Grzegorz Rozenberg},
	title     = {Graph Transformations, Third International Conference, ICGT 2006, Natal, Rio Grande do Norte, Brazil, September 17-23, 2006, Proceedings},
	booktitle = {ICGT},
	publisher = {Springer},
	series    = {Lecture Notes in Computer Science},
	volume    = {4178},
	year      = {2006},
}

@proceedings{MDAFA2004,
	editor    = {Uwe A{\ss}mann and Mehmet Aksit and Arend Rensink},
	title     = {Model Driven Architecture, European MDA Workshops: Foundations and Applications, MDAFA 2003 and MDAFA 2004, Twente, The Netherlands, June 26-27, 2003 and Link{\"o}ping, Sweden, June 10-11, 2004, Revised Selected Papers},
	booktitle = {MDAFA},
	publisher = {Springer},
	series    = {Lecture Notes in Computer Science},
	volume    = {3599},
	year      = {2005},
	isbn      = {3-540-28240-8},
}

@proceedings{ESEC1999,
	editor    = {Oscar Nierstrasz and Michel Lemoine},
	title     = {Software Engineering - ESEC/FSE'99, 7th European Software Engineering Conference, Held Jointly with the 7th ACM SIGSOFT Symposium on the Foundations of Software Engineering, Toulouse, France, September 1999, Proceedings},
	booktitle = {ESEC/SIGSOFT FSE},
	publisher = {Springer},
	series    = {Lecture Notes in Computer Science},
	volume    = {1687},
	year      = {1999},
	isbn      = {3-540-66538-2},
}

@proceedings{GTVMT2002,
	editor    = {Paolo Bottoni and Mark Minas},
	booktitle = {Proceedings of the Workshop on Graph Transformation and Visual Modelling Techniques (GT-VMT'2002)},
	series    = {Electronic Notes in Theoretical Computer Science},
	volume    = {72},
	publisher = {Elsevier},
	year      = {2003},
}

@proceedings{GTVMT2004,
	editor    = {Reiko Heckel},
	booktitle = {Proceedings of the Workshop on Graph Transformation and Visual Modelling Techniques (GT-VMT'2004)},
	series    = {Electronic Notes in Theoretical Computer Science},
	volume    = {109},
	publisher = {Elsevier},
	year      = {2004},
}

@proceedings{GTVMT2006,
	editor    = {Roberto Bruni and D{\'a}niel Varr{\'o}}, 
	title     = {Proceedings of the 5th International Workshop on Graph Transformation and Visual Modeling Techniques (GT-VMT'06), Vienna, Austria, 1-2 April 2006},
	booktitle = {GT-VMT'06},
	series    = {Electronic Notes in Theoretical Computer Science},
	publisher = {Elsevier},
	month     = {May},
	year      = {2008},
}

@proceedings{GTVMT2007,
	editor    = {Karsten Ehrig and Holger Giese},
	title     = {{6th International Workshop on Graph Transformation and Visual Modeling Techniques (GT-VMT'2007), Braga, Portugal, April 2007}},
	booktitle = {ECEASST},
	volume    = {6},
	year      = {2007},
}

@proceedings{GTVMT2009,
	editor = {Tiziana Magaria and J. Padberg and Gabriele Taentzer},
	publisher = {Electronic Communications of the EASST},
	title = {Proceedings of the Eighth International Workshop on Graph Transformation and Visual Modeling Techniques (GT-VMT 2009)},
	year = {2009},
	volume = {18},
}

@proceedings{PODS06,
	booktitle = {PODS '06: Proceedings of the twenty-fifth ACM SIGMOD-SIGACT-SIGART symposium on Principles of database systems},
	year      = {2006},
	location  = {Chicago, IL, USA},
	publisher = {ACM Press},
	address   = {New York, NY, USA},
}

@proceedings{MODELS2006,
	editor    = {Oscar Nierstrasz and Jon Whittle and David Harel and Gianna Reggio},
	title     = {{Model Driven Engineering Languages and Systems, 9th International Conference, MoDELS 2006, Genova, Italy, October 1-6, 2006, Proceedings}},
	booktitle = {MoDELS},
	publisher = {Springer},
	series    = {Lecture Notes in Computer Science},
	volume    = {4199},
	year      = {2006},
	isbn      = {3-540-45772-0},
}

@proceedings{MODELS2007,
	editor    = {Gregor Engels and Bill Opdyke and Douglas C. Schmidt and Frank Weil},
	title     = {{Model Driven Engineering Languages and Systems, 10th International Conference, MoDELS 2007, Nashville, USA, September 30 - October 5, 2007, Proceedings}},
	booktitle = {MoDELS},
	publisher = {Springer},
	series    = {Lecture Notes in Computer Science},
	volume    = {4735},
	year      = {2007},
	isbn      = {978-3-540-75208-0},
}

@proceedings{FASE07,
	editor    = {Matthew B. Dwyer and Ant{\'o}nia Lopes},
	title     = {Fundamental Approaches to Software Engineering, 10th International Conference, FASE 2007, Held as Part of the Joint European Conferences, on Theory and Practice of Software, ETAPS 2007, Braga, Portugal, March 24 - April 1, 2007, Proceedings},
	booktitle = {FASE},
	publisher = {Springer},
	series    = {Lecture Notes in Computer Science},
	volume    = {4422},
	year      = {2007},
	isbn      = {978-3-540-71288-6},
}

@proceedings{GRAMOT05,
	editor    = {Gabor Karsai and Gabriele Taentzer},
	title     = {Proceedings of the International Workshop on Graph and Model Transformation (GraMoT 2005)},
	booktitle = {GraMoT 2005},
	publisher = {Elsevier},
	series    = {Electronic Notes in Theoretical Computer Science},
	volume    = {152},
	year      = {2006},
}

@proceedings{TAGT98,
	editor    = {Hartmut Ehrig and Gregor Engels and Hans-Jörg Kreowski and Grzegorz Rozenberg},
	title     = {Theory and Application of Graph Transformations, 6th International Workshop, TAGT'98, Paderborn, Germany, November 16-20, 1998, Selected Papers},
	booktitle = {TAGT},
	publisher = {Springer},
	series    = {Lecture Notes in Computer Science},
	volume    = {1764},
	year      = {2000},
	isbn      = {3-540-67203-6},
}

@proceedings{PODS03,
	title     = {Proceedings of the Twenty-Second ACM SIGACT-SIGMOD-SIGART Symposium on Principles of Database Systems, June 9-12, 2003, San Diego, CA, USA},
	publisher = {ACM},
	year      = {2003},
	isbn      = {1-58113-670-6},
}

@proceedings{UML1999,
	editor    = {Robert B. France and Bernhard Rumpe},
	title     = {{UML'99: The Unified Modeling Language - Beyond the Standard, Second International Conference, Fort Collins, CO, USA, October 28-30, 1999, Proceedings}},
	booktitle = {UML'99},
	publisher = {Springer},
	series    = {Lecture Notes in Computer Science},
	volume    = {1723},
	year      = {1999},
}

@proceedings{UML2003,
	editor    = {Perdita Stevens and Jon Whittle and Grady Booch},
	title     = {UML 2003 - The Unified Modeling Language. Model Languages and Applications. 6th International Conference, San Francisco, {CA}, {USA}, October 2003, Proceedings},
	booktitle = {UML 2003},
	publisher = {Springer},
	series    = {Lecture Notes in Computer Science},
	volume    = {2863},
	year      = {2003},
}

@proceedings{UML2004,
	editor    = {Thomas Baar and Alfred Strohmeier and Ana M. D. Moreira and Stephen J. Mellor},
	title     = {{UML 2004 - The Unified Modelling Language: Modelling Languages and Applications. 7th International Conference, Lisbon, Portugal, October 11-15, 2004. Proceedings}},
	booktitle = {UML},
	publisher = {Springer},
	series    = {Lecture Notes in Computer Science},
	volume    = {3273},
	year      = {2004},
	isbn      = {3-540-23307-5},
}

@proceedings{GRABATS2006,
	editor    = {Albert Zündorf and Daniel Varr{\'o}},
	booktitle = {{Proceedings of the Third International Workshop on Graph Based Tools (GraBaTs 2006)}},
	series    = {ECEASST},
	volume    = {1},
	year      = {2006},
}

@proceedings{CAV2004,
	editor    = {Rajeev Alur and Doron Peled},
	booktitle = {Computer Aided Verification, 16th International Conference, CAV 2004, Boston, MA, USA, July 13-17, 2004, Proceedings},
	publisher = {Springer},
	series    = {Lecture Notes in Computer Science},
	volume    = {3114},
	year      = {2004},
	isbn      = {3-540-22342-8},
}

@proceedings{ECOOP2006,
	editor    = {Dave Thomas},
	title     = {ECOOP 2006 - Object-Oriented Programming, 20th European Conference, Nantes, France, July 3-7, 2006, Proceedings},
	booktitle = {ECOOP},
	publisher = {Springer},
	series    = {Lecture Notes in Computer Science},
	volume    = {4067},
	year      = {2006},
	isbn      = {3-540-35726-2},
}

@proceedings{ECOOP2007,
	editor    = {Erik Ernst},
	title     = {ECOOP 2007 - Object-Oriented Programming, 21st European Conference, Berlin, Germany, July 30 - August 3, 2007, Proceedings},
	booktitle = {ECOOP},
	publisher = {Springer},
	series    = {Lecture Notes in Computer Science},
	volume    = {4609},
	year      = {2007},
	isbn      = {978-3-540-73588-5},
}

@proceedings{PASTE2007,
	editor    = {Manuvir Das and Dan Grossman},
	booktitle = {Proceedings of the 7th ACM SIGPLAN-SIGSOFT Workshop on Program Analysis for Software Tools and Engineering, PASTE'07, San Diego, California, USA, June 13-14, 2007},
	publisher = {ACM},
	year      = {2007},
	isbn      = {978-1-59593-595-3},
}

@proceedings{PADL2006,
	editor    = {Pascal Van Hentenryck},
	title     = {Practical Aspects of Declarative Languages, 8th International Symposium, PADL 2006, Charleston, SC, USA, January 9-10, 2006, Proceedings},
	booktitle = {PADL},
	publisher = {Springer},
	series    = {Lecture Notes in Computer Science},
	volume    = {3819},
	year      = {2006},
	isbn      = {3-540-30947-0},
}

@proceedings{ECMDAFA2005,
	editor    = {Alan Hartman and David Kreische},
	title     = {Model Driven Architecture - Foundations and Applications, First European Conference, ECMDA-FA 2005, Nuremberg, Germany, November 7-10, 2005, Proceedings},
	booktitle = {ECMDA-FA},
	publisher = {Springer},
	series    = {Lecture Notes in Computer Science},
	volume    = {3748},
	year      = {2005},
	isbn      = {3-540-30026-0},
}

@proceedings{ECMDAFA2006,
	editor    = {Arend Rensink and Jos Warmer},
	title     = {Model Driven Architecture - Foundations and Applications, Second European Conference, ECMDA-FA 2006, Bilbao, Spain, July 10-13, 2006, Proceedings},
	booktitle = {ECMDA-FA},
	publisher = {Springer},
	series    = {Lecture Notes in Computer Science},
	volume    = {4066},
	year      = {2006},
	isbn      = {3-540-35909-5},
}

@proceedings{ECMDAFA2010,
  editor    = {Thomas K{\"u}hne and Bran Selic and Marie-Pierre Gervais and Fran\c{c}ois Terrier},
  title     = {Modelling Foundations and Applications, 6th European Conference, ECMFA 2010, Paris, France, June 15-18, 2010. Proceedings},
  booktitle = {ECMFA},
  publisher = {Springer},
  series    = {Lecture Notes in Computer Science},
  volume    = {6138},
  year      = {2010},
  isbn      = {978-3-642-13594-1},
  ee        = {http://dx.doi.org/10.1007/978-3-642-13595-8},
}

@proceedings{AGTIVE2003,
	editor    = {John L. Pfaltz and	Manfred Nagl and Boris B{\"o}hlen},
	title     = {Applications of Graph Transformations with Industrial Relevance, Second International Workshop, AGTIVE 2003, Charlottesville, VA, USA, September 27 - October 1, 2003, Revised Selected and Invited Papers},
	booktitle = {AGTIVE},
	publisher = {Springer},
	series    = {Lecture Notes in Computer Science},
	volume    = {3062},
	year      = {2004},
	isbn      = {3-540-22120-4},
}

@proceedings{AGTIVE2007,
	editor    = {Andy Sch{\"u}rr and Manfred Nagl and Albert Z{\"u}ndorf},
	title     = {Applications of Graph Transformations with Industrial Relevance, Third International Symposium, AGTIVE 2007, Kassel, Germany, October 10-12, 2007, Revised Selected and Invited Papers},
	booktitle = {AGTIVE},
	publisher = {Springer},
	series    = {Lecture Notes in Computer Science},
	volume    = {5088},
	year      = {2008},
	isbn      = {978-3-540-89019-5},
}

@proceedings{GRABATS2002,
	author    = {Tom Mens and Andy Schürr and Gabriele Taentzer},
	booktitle = {{Graph-Based Tools (GraBaTs 2002), October 7-8, 2002, Barcelona, Spain.}},
	year      = {2002},
	volume    = {72(2)},
	series    = {Electronic Notes in Theoretical Computer Science},
	publisher = {Elsevier},
	isbn      = {0-4445-1312-4},
}

@proceedings{ACM1999,
	editor    = {Peter P. Chen and David W. Embley and Jacques Kouloumdjian and Stephen W. Liddle and John F. Roddick},
	booktitle = {{Advances in Conceptual Modeling: ER '99 Workshops on Evolution and Change in Data Management, Reverse Engineering in Information Systems, and the World Wide Web and Conceptual Modeling, Paris, France, November 15-18, 1999, Proceedings}},
	publisher = {Springer},
	series    = {Lecture Notes in Computer Science},
	volume    = {1727},
	year      = {1999},
	isbn      = {3-540-66653-2},
}

@proceedings{OOIS1995,
	editor = {John Murphy and Brian Stone},
	booktitle = {{International Conference on Object Oriented Information Systems (OOIS'95), 18-20 December 1995, Dublin, Ireland, Proceedings}},
	publisher = {Springer},
	year = {1996},
	isbn = {3-540-76010-5},
}

%%%%%%%%%%%%%%%%%%%%%%%%%%%%%%%%%%%%%%%%%%%%%%%%%%%%%%%%%%%%%%%%%%%%%%%%%%%%%%%
@misc{HERRMANN05ROLES,
    author = {Stephan Herrmann},
    title = {{Programming with Roles in ObjectTeams/Java}},
    year = {2005},
    note = {AAAI Fall Symposium: Roles, An Interdisciplinary Perspective}
}

@misc{HILDEBRAND05TAXONOMY,
	author = {Tobias Hildenbrand and Ralf Gitzel},
    title  = {{A Taxonomy of Metamodel Hierarchies}},
    year   = {2005},
	howpublished = {http://bibserv7.bib.uni-mannheim.de/madoc/volltexte/2005/993/},
}

@misc{KELLY09KEYNOTE,
	author = {Steven Kelly},
	title  = {{The Model Repository: More than just XML under version control?}},
	year   = {2008},
	slides = {http://www.dsmforum.org/events/DSM08/Papers/DSM08-Kelly_keynote.pdf},
	note   = {Keynote at the 8th OOPSLA Workshop on Domain-Specific Modeling, Nashville, TN},
}

@misc{PIERCE06WEIRD,
	author = {Benjamin C. Pierce},
	title  = {{The Weird World of Bi-Directional Programming}},
	month  = {MAR},
	year   = {2006},
	slides = {http://www.cis.upenn.edu/~bcpierce/papers/lenses-etapsslides.pdf},
	note   = {ETAPS invited talk},
	plclub = {Yes},
	bcp    = {Yes},
}

@misc{CHECKSTYLE,
	author       = {Oliver Burn},
	title        = {Checkstyle Homepage},
	howpublished = {http://checkstyle.sourceforge.net},
}

@misc{ECLIPSE,
	author       = {{Eclipse Foundation}},
	title        = {Eclipse.org home},
	howpublished = {http://www.eclipse.org},
}

@misc{RATSWEBSITE,
	author       = {{Fortify Software Inc.}},
	title        = {{Rough Auditing Tool for Security (RATS) Website}},
	howpublished = {http://www.fortify.com/security-resources/rats.jsp},
}

@misc{EMFTEXTEDITWEBSITE,
	author       = {{Reuseware Team}},
	title        = {{EMFTextEdit Website}},
	howpublished = {http://emftextedit.reuseware.org},
}

@misc{FOWLER97ROLES,
	author = {Martin Fowler},
	title  = {{Dealing with Roles}},
	howpublished = {http://martinfowler.com/apsupp/roles.pdf},
	year = {1997},
}
