@INPROCEEDINGS{burger_changemetamodel,
  title = "Metamodels and more",
  booktitle ="Modellierung" ,
  author ={Erik E. Burger and Philip Gros},
  year={2000}
}

@ARTICLE{test,
  author = {Krzysztof Czarnecki and Simon Helsen and Ulrich Eisenecker},
  title = "Formalizing cardinality-based feature models and their specialization",
  year = {2005}
}



