@book{EMF,
	Author = {Dave Steinberg and Frank Budinsky and Marcelo Paternostro and Ed Merks},
	Isbn = {0321331885},
	Keywords = {emf, eclipse},
	Publisher = {Pearson Education},
	Title = {{Eclipse Modeling Framework, 2nd Edition}},
	Year = 2008
}
